@article{adcroft2004implementation,
       author = {{Adcroft}, Alistair and {Campin}, Jean-Michel and {Hill}, Chris and {Marshall}, John},
        title = "{Implementation of an Atmosphere Ocean General Circulation Model on the Expanded Spherical Cube}",
      journal = {Monthly Weather Review},
         year = 2004,
        month = jan,
       volume = {132},
       number = {12},
        pages = {2845},
          doi = {10.1175/MWR2823.1},
       adsurl = {https://ui.adsabs.harvard.edu/abs/2004MWRv..132.2845A},
      adsnote = {Provided by the SAO/NASA Astrophysics Data System}
}

@article{beltz2021exploring,
  title={Exploring the effects of active magnetic drag in a general circulation model of the ultrahot Jupiter WASP-76b},
  author={Beltz, Hayley and Rauscher, Emily and Roman, Michael T and Guilliat, Abigail},
  journal={The Astronomical Journal},
  volume={163},
  number={1},
  pages={35},
  year={2021},
  publisher={IOP Publishing}
}

@article{skinner2022modons,
  title={Modons on tidally synchronized extrasolar planets},
  author={Skinner, JW and Cho, J YK},
  journal={Monthly Notices of the Royal Astronomical Society},
  volume={511},
  number={3},
  pages={3584--3601},
  year={2022},
  publisher={Oxford University Press}
}

@article{rogers2014magnetic,
  title={Magnetic effects in hot Jupiter atmospheres},
  author={Rogers, Tamara M and Komacek, Thaddeus D},
  journal={The Astrophysical Journal},
  volume={794},
  number={2},
  pages={132},
  year={2014},
  publisher={IOP Publishing}
}

@article{bell2022eureka,
       author = {{Bell}, Taylor and {Ahrer}, Eva-Maria and {Brande}, Jonathan and {Carter}, Aarynn and {Feinstein}, Adina and {Caloca}, Giannina and {Mansfield}, Megan and {Zieba}, Sebastian and {Piaulet}, Caroline and {Benneke}, Bj{\"o}rn and {Filippazzo}, Joseph and {May}, Erin and {Roy}, Pierre-Alexis and {Kreidberg}, Laura and {Stevenson}, Kevin},
        title = "{Eureka!: An End-to-End Pipeline for JWST Time-Series Observations}",
      journal = {The Journal of Open Source Software},
     keywords = {Cython, astronomy, exoplanets, JWST, Python, spectroscopy, HST, photometry, Astrophysics - Instrumentation and Methods for Astrophysics, Astrophysics - Earth and Planetary Astrophysics},
         year = 2022,
        month = nov,
       volume = {7},
       number = {79},
          eid = {4503},
        pages = {4503},
          doi = {10.21105/joss.04503},
archivePrefix = {arXiv},
       eprint = {2207.03585},
 primaryClass = {astro-ph.IM},
       adsurl = {https://ui.adsabs.harvard.edu/abs/2022JOSS....7.4503B},
      adsnote = {Provided by the SAO/NASA Astrophysics Data System}
}

@article{bell2023wasp43b,
  title={Nightside clouds and disequilibrium chemistry on the hot Jupiter WASP-43b},
  author={Bell, Taylor J and Crouzet, Nicolas and Cubillos, Patricio E and Kreidberg, Laura and Piette, Anjali AA and Roman, Michael T and Barstow, Joanna K and Blecic, Jasmina and Carone, Ludmila and Coulombe, Louis-Philippe and others},
  journal={arXiv preprint arXiv:2401.13027},
  year={2024}
}

@article{kokori2023exoclock,
  title={ExoClock Project. III. 450 new exoplanet ephemerides from ground and space observations},
  author={Kokori, A and Tsiaras, A and Edwards, B and Jones, A and Pantelidou, G and Tinetti, G and Bewersdorff, L and Iliadou, A and Jongen, Y and Lekkas, G and others},
  journal={The Astrophysical Journal Supplement Series},
  volume={265},
  number={1},
  pages={4},
  year={2023},
  publisher={IOP Publishing}
}

@article{gillon2012trappist,
  title={The TRAPPIST survey of southern transiting planets-I. Thirty eclipses of the ultra-short period planet WASP-43 b},
  author={Gillon, Micha{\"e}l and Triaud, AHMJ and Fortney, JJ and Demory, B-O and Jehin, Emmanuel and Lendl, M and Magain, Pierre and Kabath, P and Queloz, D and Alonso, R and others},
  journal={Astronomy \& Astrophysics},
  volume={542},
  pages={A4},
  year={2012},
  publisher={EDP Sciences}
}

@article{adams2006long,
  title={Long-term evolution of close planets including the effects of secular interactions},
  author={Adams, Fred C and Laughlin, Gregory},
  journal={The Astrophysical Journal},
  volume={649},
  number={2},
  pages={1004},
  year={2006},
  publisher={IOP Publishing}
}

@article{horne1985images,
  title={Images of accretion discs--I. The eclipse mapping method},
  author={Horne, Keith},
  journal={Monthly Notices of the Royal Astronomical Society},
  volume={213},
  number={2},
  pages={129--141},
  year={1985},
  publisher={Oxford University Press Oxford, UK}
}



@article{carone2020equatorial,
       author = {{Carone}, Ludmila and {Baeyens}, Robin and {Molli{\`e}re}, Paul and {Barth}, Patrick and {Vazan}, Allona and {Decin}, Leen and {Sarkis}, Paula and {Venot}, Olivia and {Henning}, Thomas},
        title = "{Equatorial retrograde flow in WASP-43b elicited by deep wind jets?}",
      journal = {\mnras},
     keywords = {planets and satellites: atmospheres, Hydrodynamics, stars: individual: WASP-43; binaries: close, Astrophysics - Earth and Planetary Astrophysics},
         year = 2020,
        month = aug,
       volume = {496},
       number = {3},
        pages = {3582-3614},
          doi = {10.1093/mnras/staa1733},
archivePrefix = {arXiv},
       eprint = {1904.13334},
 primaryClass = {astro-ph.EP},
       adsurl = {https://ui.adsabs.harvard.edu/abs/2020MNRAS.496.3582C},
      adsnote = {Provided by the SAO/NASA Astrophysics Data System}
}

@ARTICLE{challener2022theresa,
       author = {{Challener}, Ryan C. and {Rauscher}, Emily},
        title = "{ThERESA: Three-dimensional Eclipse Mapping with Application to Synthetic JWST Data}",
      journal = {\aj},
     keywords = {498, 918, 1858, 487, 753, 1889, 1900, Astrophysics - Earth and Planetary Astrophysics, Astrophysics - Instrumentation and Methods for Astrophysics},
         year = 2022,
        month = mar,
       volume = {163},
       number = {3},
          eid = {117},
        pages = {117},
          doi = {10.3847/1538-3881/ac4885},
archivePrefix = {arXiv},
       eprint = {2110.08159},
 primaryClass = {astro-ph.EP},
       adsurl = {https://ui.adsabs.harvard.edu/abs/2022AJ....163..117C},
      adsnote = {Provided by the SAO/NASA Astrophysics Data System}
}

@article{challener2023nullspace,
       author = {{Challener}, Ryan C. and {Rauscher}, Emily},
        title = "{The Eclipse-mapping Null Space: Comparing Theoretical Predictions with Observed Maps}",
      journal = {\aj},
     keywords = {Exoplanet atmospheres, Exoplanets, Eclipses, 487, 498, 442, Astrophysics - Earth and Planetary Astrophysics},
         year = 2023,
        month = oct,
       volume = {166},
       number = {4},
          eid = {176},
        pages = {176},
          doi = {10.3847/1538-3881/acf862},
archivePrefix = {arXiv},
       eprint = {2309.05539},
 primaryClass = {astro-ph.EP},
       adsurl = {https://ui.adsabs.harvard.edu/abs/2023AJ....166..176C},
      adsnote = {Provided by the SAO/NASA Astrophysics Data System}}



@ARTICLE{charnay14,
       author = {{Charnay}, Benjamin and {Forget}, Fran{\c{c}}ois and {Tobie}, Gabriel and {Sotin}, Christophe and {Wordsworth}, Robin},
        title = "{Titan's past and future: 3D modeling of a pure nitrogen atmosphere and geological implications}",
      journal = {\icarus},
     keywords = {Astrophysics - Earth and Planetary Astrophysics},
         year = 2014,
        month = oct,
       volume = {241},
        pages = {269-279},
          doi = {10.1016/j.icarus.2014.07.009},
archivePrefix = {arXiv},
       eprint = {1407.1791},
 primaryClass = {astro-ph.EP},
       adsurl = {https://ui.adsabs.harvard.edu/abs/2014Icar..241..269C},
      adsnote = {Provided by the SAO/NASA Astrophysics Data System}
}

@article{charnay_3d_2015,
       author = {{Charnay}, B. and {Meadows}, V. and {Misra}, A. and {Leconte}, J. and {Arney}, G.},
        title = "{3D Modeling of GJ1214b{\textquoteright}s Atmosphere: Formation of Inhomogeneous High Clouds and Observational Implications}",
      journal = {\apjl},
     keywords = {planets and satellites: atmospheres, planets and satellites: individual: GJ1214b, Astrophysics - Earth and Planetary Astrophysics},
         year = 2015,
        month = nov,
       volume = {813},
       number = {1},
          eid = {L1},
        pages = {L1},
          doi = {10.1088/2041-8205/813/1/L1},
archivePrefix = {arXiv},
       eprint = {1510.01706},
 primaryClass = {astro-ph.EP},
       adsurl = {https://ui.adsabs.harvard.edu/abs/2015ApJ...813L...1C},
      adsnote = {Provided by the SAO/NASA Astrophysics Data System}
}

@ARTICLE{coulombe2023wasp18b,
       author = {{Coulombe}, Louis-Philippe and {Benneke}, Bj{\"o}rn and {Challener}, Ryan and {Piette}, Anjali A.~A. and {Wiser}, Lindsey S. and {Mansfield}, Megan and {MacDonald}, Ryan J. and {Beltz}, Hayley and {Feinstein}, Adina D. and {Radica}, Michael and {Savel}, Arjun B. and {Dos Santos}, Leonardo A. and {Bean}, Jacob L. and {Parmentier}, Vivien and {Wong}, Ian and {Rauscher}, Emily and {Komacek}, Thaddeus D. and {Kempton}, Eliza M. -R. and {Tan}, Xianyu and {Hammond}, Mark and {Lewis}, Neil T. and {Line}, Michael R. and {Lee}, Elspeth K.~H. and {Shivkumar}, Hinna and {Crossfield}, Ian J.~M. and {Nixon}, Matthew C. and {Rackham}, Benjamin V. and {Wakeford}, Hannah R. and {Welbanks}, Luis and {Zhang}, Xi and {Batalha}, Natalie M. and {Berta-Thompson}, Zachory K. and {Changeat}, Quentin and {D{\'e}sert}, Jean-Michel and {Espinoza}, N{\'e}stor and {Goyal}, Jayesh M. and {Harrington}, Joseph and {Knutson}, Heather A. and {Kreidberg}, Laura and {L{\'o}pez-Morales}, Mercedes and {Shporer}, Avi and {Sing}, David K. and {Stevenson}, Kevin B. and {Aggarwal}, Keshav and {Ahrer}, Eva-Maria and {Alam}, Munazza K. and {Bell}, Taylor J. and {Blecic}, Jasmina and {Caceres}, Claudio and {Carter}, Aarynn L. and {Casewell}, Sarah L. and {Crouzet}, Nicolas and {Cubillos}, Patricio E. and {Decin}, Leen and {Fortney}, Jonathan J. and {Gibson}, Neale P. and {Heng}, Kevin and {Henning}, Thomas and {Iro}, Nicolas and {Kendrew}, Sarah and {Lagage}, Pierre-Olivier and {Leconte}, J{\'e}r{\'e}my and {Lendl}, Monika and {Lothringer}, Joshua D. and {Mancini}, Luigi and {Mikal-Evans}, Thomas and {Molaverdikhani}, Karan and {Nikolov}, Nikolay K. and {Ohno}, Kazumasa and {Palle}, Enric and {Piaulet}, Caroline and {Redfield}, Seth and {Roy}, Pierre-Alexis and {Tsai}, Shang-Min and {Venot}, Olivia and {Wheatley}, Peter J.},
        title = "{A broadband thermal emission spectrum of the ultra-hot Jupiter WASP-18b}",
      journal = {\nat},
     keywords = {Astrophysics - Earth and Planetary Astrophysics, Astrophysics - Instrumentation and Methods for Astrophysics},
         year = 2023,
        month = aug,
       volume = {620},
       number = {7973},
        pages = {292-298},
          doi = {10.1038/s41586-023-06230-1},
archivePrefix = {arXiv},
       eprint = {2301.08192},
 primaryClass = {astro-ph.EP},
       adsurl = {https://ui.adsabs.harvard.edu/abs/2023Natur.620..292C},
      adsnote = {Provided by the SAO/NASA Astrophysics Data System}
}

@article{cubillos2016correlated,
       author = {{Cubillos}, Patricio and {Harrington}, Joseph and {Loredo}, Thomas J. and {Lust}, Nate B. and {Blecic}, Jasmina and {Stemm}, Madison},
        title = "{On Correlated-noise Analyses Applied to Exoplanet Light Curves}",
      journal = {\aj},
     keywords = {methods: statistical, planets and satellites: fundamental parameters, techniques: photometric, Astrophysics - Earth and Planetary Astrophysics},
         year = 2017,
        month = jan,
       volume = {153},
       number = {1},
          eid = {3},
        pages = {3},
          doi = {10.3847/1538-3881/153/1/3},
archivePrefix = {arXiv},
       eprint = {1610.01336},
 primaryClass = {astro-ph.EP},
       adsurl = {https://ui.adsabs.harvard.edu/abs/2017AJ....153....3C},
      adsnote = {Provided by the SAO/NASA Astrophysics Data System}
}

@article{de2012towards,
       author = {{de Wit}, J. and {Gillon}, M. and {Demory}, B. -O. and {Seager}, S.},
        title = "{Towards consistent mapping of distant worlds: secondary-eclipse scanning of the exoplanet HD 189733b}",
      journal = {\aap},
     keywords = {Eclipses, planets and satellites: individual: HD 189733b, techniques: photometric, Astrophysics - Earth and Planetary Astrophysics},
         year = 2012,
        month = dec,
       volume = {548},
          eid = {A128},
        pages = {A128},
          doi = {10.1051/0004-6361/201219060},
archivePrefix = {arXiv},
       eprint = {1202.3829},
 primaryClass = {astro-ph.EP},
       adsurl = {https://ui.adsabs.harvard.edu/abs/2012A&A...548A.128D},
      adsnote = {Provided by the SAO/NASA Astrophysics Data System}
}

@article{deitrick2022thor+,
  title={The THOR+ HELIOS general circulation model: multiwavelength radiative transfer with accurate scattering by clouds/hazes},
  author={Deitrick, Russell and Heng, Kevin and Schroffenegger, Urs and Kitzmann, Daniel and Grimm, Simon L and Malik, Matej and Mendonca, Joao M and Morris, Brett M},
  journal={Monthly Notices of the Royal Astronomical Society},
  volume={512},
  number={3},
  pages={3759--3787},
  year={2022},
  publisher={Oxford University Press}
}


@article{falco2022toward,
       author = {{Falco}, Aur{\'e}lien and {Zingales}, Tiziano and {Pluriel}, William and {Leconte}, J{\'e}r{\'e}my},
        title = "{Toward a multidimensional analysis of transmission spectroscopy. I. Computation of transmission spectra using a 1D, 2D, or 3D atmosphere structure}",
      journal = {\aap},
     keywords = {planets and satellites: atmospheres, methods: numerical, techniques: spectroscopic, radiative transfer, planets and satellites: general, Astrophysics - Earth and Planetary Astrophysics},
         year = 2022,
        month = feb,
       volume = {658},
          eid = {A41},
        pages = {A41},
          doi = {10.1051/0004-6361/202141940},
archivePrefix = {arXiv},
       eprint = {2110.11799},
 primaryClass = {astro-ph.EP},
       adsurl = {https://ui.adsabs.harvard.edu/abs/2022A&A...658A..41F},
      adsnote = {Provided by the SAO/NASA Astrophysics Data System}
}

@article{boone2023analytic,
  title={An analytic theory for the resolution attainable using eclipse mapping of exoplanets},
  author={Boone, Sasha and Grant, David and Hammond, Mark},
  journal={arXiv preprint arXiv:2310.14245},
  year={2023}
}

@article{hammond2021rotational,
  title={The rotational and divergent components of atmospheric circulation on tidally locked planets},
  author={Hammond, Mark and Lewis, Neil T},
  journal={Proceedings of the National Academy of Sciences},
  volume={118},
  number={13},
  pages={e2022705118},
  year={2021},
  publisher={National Acad Sciences}
}

@article{taylor2020understanding,
  title={Understanding and mitigating biases when studying inhomogeneous emission spectra with JWST},
  author={Taylor, Jake and Parmentier, Vivien and Irwin, Patrick GJ and Aigrain, Suzanne and Lee, Elspeth and Krissansen-Totton, Joshua},
  journal={Monthly Notices of the Royal Astronomical Society},
  volume={493},
  number={3},
  pages={4342--4354},
  year={2020},
  publisher={Oxford University Press}
}

@article{hellier2011wasp,
  title={WASP-43b: the closest-orbiting hot Jupiter},
  author={Hellier, Coel and Anderson, DR and Cameron, A Collier and Gillon, Micha{\"e}l and Jehin, Emmanuel and Lendl, M and Maxted, PFL and Pepe, F and Pollacco, Don and Queloz, D and others},
  journal={arXiv preprint arXiv:1104.2823},
  year={2011}
}

@article{scandariato2022phase,
  title={Phase curve and geometric albedo of WASP-43b measured with CHEOPS, TESS, and HST WFC3/UVIS},
  author={Scandariato, Gaetano and Singh, Vikash and Kitzmann, Daniel and Lendl, M and Brandeker, Alexis and Bruno, Giovanni and Bekkelien, Anja and Benz, Willy and Gutermann, P and Maxted, Pierre FL and others},
  journal={Astronomy and astrophysics},
  volume={668},
  pages={A17},
  year={2022},
  publisher={EDP Sciences}
}



@article{bouwman2023spectroscopic,
  title={Spectroscopic time series performance of the Mid-Infrared Instrument on the JWST},
  author={Bouwman, Jeroen and Kendrew, Sarah and Greene, Thomas P and Bell, Taylor J and Lagage, Pierre-Olivier and Schreiber, J{\"u}rgen and Dicken, Daniel and Sloan, GC and Espinoza, N{\'e}stor and Scheithauer, Silvia and others},
  journal={Publications of the Astronomical Society of the Pacific},
  volume={135},
  number={1045},
  pages={038002},
  year={2023},
  publisher={IOP Publishing}
}

@article{gorski2005healpix,
  title={HEALPix: A framework for high-resolution discretization and fast analysis of data distributed on the sphere},
  author={Gorski, Krzysztof M and Hivon, Eric and Banday, Anthony J and Wandelt, Benjamin D and Hansen, Frode K and Reinecke, Mstvos and Bartelmann, Matthia},
  journal={The Astrophysical Journal},
  volume={622},
  number={2},
  pages={759},
  year={2005},
  publisher={IOP Publishing}
}

@article{williams2006resolving,
  title={Resolving the surfaces of extrasolar planets with secondary eclipse light curves},
  author={Williams, Peter KG and Charbonneau, David and Cooper, Curtis S and Showman, Adam P and Fortney, Jonathan J},
  journal={The Astrophysical Journal},
  volume={649},
  number={2},
  pages={1020},
  year={2006},
  publisher={IOP Publishing}
}

@article{foreman2016corner,
       author = {{Foreman-Mackey}, Daniel},
        title = "{corner.py: Scatterplot matrices in Python}",
      journal = {The Journal of Open Source Software},
         year = 2016,
        month = jun,
       volume = {1},
        pages = {24},
          doi = {10.21105/joss.00024},
       adsurl = {https://ui.adsabs.harvard.edu/abs/2016JOSS....1...24F},
      adsnote = {Provided by the SAO/NASA Astrophysics Data System}
}

@article{hoskins1975multi,
       author = {{Hoskins}, B.~J. and {Simmons}, A.~J.},
        title = "{A multi‑layer spectral model and the semi‑implicit method}",
      journal = {Quarterly Journal of the Royal Meteorological Society},
         year = 1975,
        month = jul,
       volume = {101},
       number = {429},
        pages = {637-655},
          doi = {10.1002/qj.49710142918},
       adsurl = {https://ui.adsabs.harvard.edu/abs/1975QJRMS.101..637H},
      adsnote = {Provided by the SAO/NASA Astrophysics Data System}
}

@article{kipping2013efficient,
       author = {{Kipping}, David M.},
        title = "{Efficient, uninformative sampling of limb darkening coefficients for two-parameter laws}",
      journal = {\mnras},
     keywords = {methods: analytical, stars: atmospheres, Astrophysics - Solar and Stellar Astrophysics, Astrophysics - Earth and Planetary Astrophysics},
         year = 2013,
        month = nov,
       volume = {435},
       number = {3},
        pages = {2152-2160},
          doi = {10.1093/mnras/stt1435},
archivePrefix = {arXiv},
       eprint = {1308.0009},
 primaryClass = {astro-ph.SR},
       adsurl = {https://ui.adsabs.harvard.edu/abs/2013MNRAS.435.2152K},
      adsnote = {Provided by the SAO/NASA Astrophysics Data System}
}

@article{lewis2022temperature,
       author = {{Lewis}, Neil T. and {Hammond}, Mark},
        title = "{Temperature Structures Associated with Different Components of the Atmospheric Circulation on Tidally Locked Exoplanets}",
      journal = {\apj},
     keywords = {Exoplanets, Exoplanet atmospheres, Atmospheric circulation, 498, 487, 112, Astrophysics - Earth and Planetary Astrophysics, Physics - Atmospheric and Oceanic Physics},
         year = 2022,
        month = dec,
       volume = {941},
       number = {2},
          eid = {171},
        pages = {171},
          doi = {10.3847/1538-4357/ac8fed},
archivePrefix = {arXiv},
       eprint = {2204.06503},
 primaryClass = {astro-ph.EP},
       adsurl = {https://ui.adsabs.harvard.edu/abs/2022ApJ...941..171L},
      adsnote = {Provided by the SAO/NASA Astrophysics Data System}
}

@article{luger2019starry,
       author = {{Luger}, Rodrigo and {Agol}, Eric and {Foreman-Mackey}, Daniel and {Fleming}, David P. and {Lustig-Yaeger}, Jacob and {Deitrick}, Russell},
        title = "{starry: Analytic Occultation Light Curves}",
      journal = {\aj},
     keywords = {eclipses, methods: analytical, occultations, techniques: photometric, Astrophysics - Instrumentation and Methods for Astrophysics, Astrophysics - Earth and Planetary Astrophysics, Astrophysics - Solar and Stellar Astrophysics},
         year = 2019,
        month = feb,
       volume = {157},
       number = {2},
          eid = {64},
        pages = {64},
          doi = {10.3847/1538-3881/aae8e5},
archivePrefix = {arXiv},
       eprint = {1810.06559},
 primaryClass = {astro-ph.IM},
       adsurl = {https://ui.adsabs.harvard.edu/abs/2019AJ....157...64L},
      adsnote = {Provided by the SAO/NASA Astrophysics Data System}
}

@ARTICLE{luger2021nullspace,
       author = {{Luger}, Rodrigo and {Foreman-Mackey}, Daniel and {Hedges}, Christina and {Hogg}, David W.},
        title = "{Mapping Stellar Surfaces. I. Degeneracies in the Rotational Light-curve Problem}",
      journal = {\aj},
     keywords = {Time series analysis, Light curves, Stellar surfaces, Starspots, 1916, 918, 1632, 1572, Astrophysics - Solar and Stellar Astrophysics, Astrophysics - Instrumentation and Methods for Astrophysics},
         year = 2021,
        month = sep,
       volume = {162},
       number = {3},
          eid = {123},
        pages = {123},
          doi = {10.3847/1538-3881/abfdb8},
archivePrefix = {arXiv},
       eprint = {2102.00007},
 primaryClass = {astro-ph.SR},
       adsurl = {https://ui.adsabs.harvard.edu/abs/2021AJ....162..123L},
      adsnote = {Provided by the SAO/NASA Astrophysics Data System}
}

@article{majeau2012two,
       author = {{Majeau}, Carl and {Agol}, Eric and {Cowan}, Nicolas B.},
        title = "{A Two-dimensional Infrared Map of the Extrasolar Planet HD 189733b}",
      journal = {\apjl},
     keywords = {infrared: planetary systems, methods: observational, techniques: photometric, Astrophysics - Earth and Planetary Astrophysics},
         year = 2012,
        month = mar,
       volume = {747},
       number = {2},
          eid = {L20},
        pages = {L20},
          doi = {10.1088/2041-8205/747/2/L20},
archivePrefix = {arXiv},
       eprint = {1202.1883},
 primaryClass = {astro-ph.EP},
       adsurl = {https://ui.adsabs.harvard.edu/abs/2012ApJ...747L..20M},
      adsnote = {Provided by the SAO/NASA Astrophysics Data System}
}

@article{malik2017helios,
  title={HELIOS: an open-source, GPU-accelerated radiative transfer code for self-consistent exoplanetary atmospheres},
  author={Malik, Matej and Grosheintz, Luc and Mendon{\c{c}}a, Jo{\~a}o M and Grimm, Simon L and Lavie, Baptiste and Kitzmann, Daniel and Tsai, Shang-Min and Burrows, Adam and Kreidberg, Laura and Bedell, Megan and others},
  journal={The astronomical journal},
  volume={153},
  number={2},
  pages={56},
  year={2017},
  publisher={IOP Publishing}
}

@article{malik2019self,
  title={Self-luminous and irradiated exoplanetary atmospheres explored with HELIOS},
  author={Malik, Matej and Kitzmann, Daniel and Mendon{\c{c}}a, Jo{\~a}o M and Grimm, Simon L and Marleau, Gabriel-Dominique and Linder, Esther F and Tsai, Shang-Min and Heng, Kevin},
  journal={The astronomical journal},
  volume={157},
  number={5},
  pages={170},
  year={2019},
  publisher={IOP Publishing}
}

@article{malsky2021modeling,
       author = {{Malsky}, Isaac and {Rauscher}, Emily and {Kempton}, Eliza M. -R. and {Roman}, Michael and {Long}, Deryl and {Harada}, Caleb K.},
        title = "{Modeling the High-resolution Emission Spectra of Clear and Cloudy Nontransiting Hot Jupiters}",
      journal = {\apj},
     keywords = {487, 1967, 2096, 112, 767, Astrophysics - Earth and Planetary Astrophysics},
         year = 2021,
        month = dec,
       volume = {923},
       number = {1},
          eid = {62},
        pages = {62},
          doi = {10.3847/1538-4357/ac2a2a},
archivePrefix = {arXiv},
       eprint = {2110.05593},
 primaryClass = {astro-ph.EP},
       adsurl = {https://ui.adsabs.harvard.edu/abs/2021ApJ...923...62M},
      adsnote = {Provided by the SAO/NASA Astrophysics Data System}
}

@article{mansfield2020eigenspectra,
       author = {{Mansfield}, Megan and {Schlawin}, Everett and {Lustig-Yaeger}, Jacob and {Adams}, Arthur D. and {Rauscher}, Emily and {Arcangeli}, Jacob and {Feng}, Y. Katherina and {Gupta}, Prashansa and {Keating}, Dylan and {Stevenson}, Kevin B. and {Beatty}, Thomas G.},
        title = "{Eigenspectra: a framework for identifying spectra from 3D eclipse mapping}",
      journal = {\mnras},
     keywords = {methods: data analysis, planets and satellites: atmospheres, planets and satellites: gaseous planets, Astrophysics - Earth and Planetary Astrophysics},
         year = 2020,
        month = dec,
       volume = {499},
       number = {4},
        pages = {5151-5162},
          doi = {10.1093/mnras/staa3179},
archivePrefix = {arXiv},
       eprint = {2010.02197},
 primaryClass = {astro-ph.EP},
       adsurl = {https://ui.adsabs.harvard.edu/abs/2020MNRAS.499.5151M},
      adsnote = {Provided by the SAO/NASA Astrophysics Data System}
}

@article{matsuno1966quasi,
       author = {{Matsuno}, Taroh},
        title = "{Quasi-Geostrophic Motions in the Equatorial Area}",
      journal = {Journal of the Meteorological Society of Japan},
         year = 1966,
        month = jan,
       volume = {44},
       number = {1},
        pages = {25-43},
          doi = {10.2151/jmsj1965.44.1_25},
       adsurl = {https://ui.adsabs.harvard.edu/abs/1966JMeSJ..44...25M},
      adsnote = {Provided by the SAO/NASA Astrophysics Data System}
}

@article{mcewen2011novel,
       author = {{McEwen}, Jason D. and {Wiaux}, Yves},
        title = "{A Novel Sampling Theorem on the Sphere}",
      journal = {IEEE Transactions on Signal Processing},
     keywords = {Computer Science - Information Theory, Astrophysics - Instrumentation and Methods for Astrophysics},
         year = 2011,
        month = dec,
       volume = {59},
       number = {12},
        pages = {5876-5887},
          doi = {10.1109/TSP.2011.2166394},
archivePrefix = {arXiv},
       eprint = {1110.6298},
 primaryClass = {cs.IT},
       adsurl = {https://ui.adsabs.harvard.edu/abs/2011ITSP...59.5876M},
      adsnote = {Provided by the SAO/NASA Astrophysics Data System}
}

@article{mendoncca2015new,
       author = {{Mendon{\c{c}}a}, J.~M. and {Read}, P.~L. and {Wilson}, C.~F. and {Lee}, C.},
        title = "{A new, fast and flexible radiative transfer method for Venus general circulation models}",
      journal = {\planss},
     keywords = {Venus, Radiative transfer, Planetary atmospheres, Thermal structure},
         year = 2015,
        month = jan,
       volume = {105},
        pages = {80-93},
          doi = {10.1016/j.pss.2014.11.008},
       adsurl = {https://ui.adsabs.harvard.edu/abs/2015P&SS..105...80M},
      adsnote = {Provided by the SAO/NASA Astrophysics Data System}
}

@article{mendoncca2016thor,
       author = {{Mendon{\c{c}}a}, Jo{\~a}o M. and {Grimm}, Simon L. and {Grosheintz}, Luc and {Heng}, Kevin},
        title = "{THOR: A New and Flexible Global Circulation Model to Explore Planetary Atmospheres}",
      journal = {\apj},
     keywords = {planets and satellites: atmospheres, planets and satellites: gaseous planets, planets and satellites: individual: hot Jupiters, planets and satellites: terrestrial planets, Astrophysics - Earth and Planetary Astrophysics, Physics - Atmospheric and Oceanic Physics},
         year = 2016,
        month = oct,
       volume = {829},
       number = {2},
          eid = {115},
        pages = {115},
          doi = {10.3847/0004-637X/829/2/115},
archivePrefix = {arXiv},
       eprint = {1607.05535},
 primaryClass = {astro-ph.EP},
       adsurl = {https://ui.adsabs.harvard.edu/abs/2016ApJ...829..115M},
      adsnote = {Provided by the SAO/NASA Astrophysics Data System}
}

@article{mendoncca2018revisiting,
       author = {{Mendon{\c{c}}a}, Jo{\~a}o M. and {Malik}, Matej and {Demory}, Brice-Olivier and {Heng}, Kevin},
        title = "{Revisiting the Phase Curves of WASP-43b: Confronting Re-analyzed Spitzer Data with Cloudy Atmospheres}",
      journal = {\aj},
     keywords = {planets and satellites: atmospheres, Astrophysics - Earth and Planetary Astrophysics},
         year = 2018,
        month = apr,
       volume = {155},
       number = {4},
          eid = {150},
        pages = {150},
          doi = {10.3847/1538-3881/aaaebc},
archivePrefix = {arXiv},
       eprint = {1802.03047},
 primaryClass = {astro-ph.EP},
       adsurl = {https://ui.adsabs.harvard.edu/abs/2018AJ....155..150M},
      adsnote = {Provided by the SAO/NASA Astrophysics Data System}
}

@article{mendoncca2018three,
       author = {{Mendon{\c{c}}a}, Jo{\~a}o M. and {Tsai}, Shang-min and {Malik}, Matej and {Grimm}, Simon L. and {Heng}, Kevin},
        title = "{Three-dimensional Circulation Driving Chemical Disequilibrium in WASP-43b}",
      journal = {\apj},
     keywords = {planets and satellites: atmospheres, planets and satellites: gaseous planets, planets and satellites: individual: hot Jupiters, Astrophysics - Earth and Planetary Astrophysics},
         year = 2018,
        month = dec,
       volume = {869},
       number = {2},
          eid = {107},
        pages = {107},
          doi = {10.3847/1538-4357/aaed23},
archivePrefix = {arXiv},
       eprint = {1808.00501},
 primaryClass = {astro-ph.EP},
       adsurl = {https://ui.adsabs.harvard.edu/abs/2018ApJ...869..107M},
      adsnote = {Provided by the SAO/NASA Astrophysics Data System}
}

@article{menou2009atmospheric,
       author = {{Menou}, Kristen and {Rauscher}, Emily},
        title = "{Atmospheric Circulation of Hot Jupiters: A Shallow Three-Dimensional Model}",
      journal = {\apj},
     keywords = {infrared: general, infrared: stars, planetary systems, stars: atmospheres, turbulence, Astrophysics},
         year = 2009,
        month = jul,
       volume = {700},
       number = {1},
        pages = {887-897},
          doi = {10.1088/0004-637X/700/1/887},
archivePrefix = {arXiv},
       eprint = {0809.1671},
 primaryClass = {astro-ph},
       adsurl = {https://ui.adsabs.harvard.edu/abs/2009ApJ...700..887M},
      adsnote = {Provided by the SAO/NASA Astrophysics Data System}
}

@article{molliere2019petitradtrans,
       author = {{Molli{\`e}re}, P. and {Wardenier}, J.~P. and {van Boekel}, R. and {Henning}, Th. and {Molaverdikhani}, K. and {Snellen}, I.~A.~G.},
        title = "{petitRADTRANS. A Python radiative transfer package for exoplanet characterization and retrieval}",
      journal = {\aap},
     keywords = {methods: numerical, planets and satellites: atmospheres, radiative transfer, Astrophysics - Earth and Planetary Astrophysics},
         year = 2019,
        month = jul,
       volume = {627},
          eid = {A67},
        pages = {A67},
          doi = {10.1051/0004-6361/201935470},
archivePrefix = {arXiv},
       eprint = {1904.11504},
 primaryClass = {astro-ph.EP},
       adsurl = {https://ui.adsabs.harvard.edu/abs/2019A&A...627A..67M},
      adsnote = {Provided by the SAO/NASA Astrophysics Data System}
}

@article{parmentier2013,
  title={3D mixing in hot Jupiters atmospheres-I. Application to the day/night cold trap in HD 209458b},
  author={Parmentier, Vivien and Showman, Adam P and Lian, Yuan},
  journal={Astronomy \& Astrophysics},
  volume={558},
  pages={A91},
  year={2013},
  publisher={EDP Sciences}
}

@article{parmentier2016transitions,
       author = {{Parmentier}, Vivien and {Fortney}, Jonathan J. and {Showman}, Adam P. and {Morley}, Caroline and {Marley}, Mark S.},
        title = "{Transitions in the Cloud Composition of Hot Jupiters}",
      journal = {\apj},
     keywords = {planets and satellites: atmospheres, planets and satellites: gaseous planets, radiative transfer, scattering, Astrophysics - Earth and Planetary Astrophysics, Astrophysics - Solar and Stellar Astrophysics},
         year = 2016,
        month = sep,
       volume = {828},
       number = {1},
          eid = {22},
        pages = {22},
          doi = {10.3847/0004-637X/828/1/22},
archivePrefix = {arXiv},
       eprint = {1602.03088},
 primaryClass = {astro-ph.EP},
       adsurl = {https://ui.adsabs.harvard.edu/abs/2016ApJ...828...22P},
      adsnote = {Provided by the SAO/NASA Astrophysics Data System}
}
@article{parmentier2021cloudy,
  title={The cloudy shape of hot Jupiter thermal phase curves},
  author={Parmentier, Vivien and Showman, Adam P and Fortney, Jonathan J},
  journal={Monthly Notices of the Royal Astronomical Society},
  volume={501},
  number={1},
  pages={78--108},
  year={2021},
  publisher={Oxford University Press}
}

@article{kendrew2015mid,
  title={The mid-infrared instrument for the james webb space telescope, iv: The low-resolution spectrometer},
  author={Kendrew, Sarah and Scheithauer, Silvia and Bouchet, Patrice and Amiaux, Jerome and Azzollini, Ruym{\'a}n and Bouwman, Jeroen and Chen, CH and Dubreuil, D and Fischer, Sebastian and Glasse, Alistair and others},
  journal={Publications of the Astronomical Society of the Pacific},
  volume={127},
  number={953},
  pages={623},
  year={2015},
  publisher={IOP Publishing}
}

@article{rauscher2007toward,
       author = {{Rauscher}, Emily and {Menou}, Kristen and {Seager}, Sara and {Deming}, Drake and {Cho}, James Y. -K. and {Hansen}, Bradley M.~S.},
        title = "{Toward Eclipse Mapping of Hot Jupiters}",
      journal = {\apj},
     keywords = {Eclipses, Infrared: Stars, Occultations, Stars: Planetary Systems, stars: individual (HD 189733), Stars: Individual: Henry Draper Number: HD 209458, Stars: Individual: Alphanumeric: TrES-1, Techniques: High Anular Resolution, Astrophysics},
         year = 2007,
        month = aug,
       volume = {664},
       number = {2},
        pages = {1199-1209},
          doi = {10.1086/519213},
archivePrefix = {arXiv},
       eprint = {astro-ph/0612412},
 primaryClass = {astro-ph},
       adsurl = {https://ui.adsabs.harvard.edu/abs/2007ApJ...664.1199R},
      adsnote = {Provided by the SAO/NASA Astrophysics Data System}
}

@article{rauscher2010three,
       author = {{Rauscher}, Emily and {Menou}, Kristen},
        title = "{Three-dimensional Modeling of Hot Jupiter Atmospheric Flows}",
      journal = {\apj},
     keywords = {hydrodynamics, infrared: planetary systems, planetary systems, planets and satellites: atmospheres, stars: individual: HD 209458, Astrophysics - Earth and Planetary Astrophysics},
         year = 2010,
        month = may,
       volume = {714},
       number = {2},
        pages = {1334-1342},
          doi = {10.1088/0004-637X/714/2/1334},
archivePrefix = {arXiv},
       eprint = {0907.2692},
 primaryClass = {astro-ph.EP},
       adsurl = {https://ui.adsabs.harvard.edu/abs/2010ApJ...714.1334R},
      adsnote = {Provided by the SAO/NASA Astrophysics Data System}
}

@article{rauscher2012general,
       author = {{Rauscher}, Emily and {Menou}, Kristen},
        title = "{A General Circulation Model for Gaseous Exoplanets with Double-gray Radiative Transfer}",
      journal = {\apj},
     keywords = {hydrodynamics, planets and satellites: general, radiative transfer, Astrophysics - Earth and Planetary Astrophysics},
         year = 2012,
        month = may,
       volume = {750},
       number = {2},
          eid = {96},
        pages = {96},
          doi = {10.1088/0004-637X/750/2/96},
archivePrefix = {arXiv},
       eprint = {1112.1658},
 primaryClass = {astro-ph.EP},
       adsurl = {https://ui.adsabs.harvard.edu/abs/2012ApJ...750...96R},
      adsnote = {Provided by the SAO/NASA Astrophysics Data System}
}

@ARTICLE{rauscher2018eigenmap,
       author = {{Rauscher}, Emily and {Suri}, Veenu and {Cowan}, Nicolas B.},
        title = "{A More Informative Map: Inverting Thermal Orbital Phase and Eclipse Light Curves of Exoplanets}",
      journal = {\aj},
     keywords = {eclipses, infrared: planetary systems, methods: data analysis, planets and satellites: atmospheres, planets and satellites: individual: HD 189733b, Astrophysics - Earth and Planetary Astrophysics, Astrophysics - Instrumentation and Methods for Astrophysics},
         year = 2018,
        month = nov,
       volume = {156},
       number = {5},
          eid = {235},
        pages = {235},
          doi = {10.3847/1538-3881/aae57f},
archivePrefix = {arXiv},
       eprint = {1806.05700},
 primaryClass = {astro-ph.EP},
       adsurl = {https://ui.adsabs.harvard.edu/abs/2018AJ....156..235R},
      adsnote = {Provided by the SAO/NASA Astrophysics Data System}
}

@article{roman2017modeling,
       author = {{Roman}, Michael and {Rauscher}, Emily},
        title = "{Modeling the Effects of Inhomogeneous Aerosols on the Hot Jupiter Kepler-7b{\textquoteright}s Atmospheric Circulation}",
      journal = {\apj},
     keywords = {eclipses, hydrodynamics, infrared: planetary systems, planets and satellites: atmospheres, planets and satellites: gaseous planets, Astrophysics - Earth and Planetary Astrophysics},
         year = 2017,
        month = nov,
       volume = {850},
       number = {1},
          eid = {17},
        pages = {17},
          doi = {10.3847/1538-4357/aa8ee4},
archivePrefix = {arXiv},
       eprint = {1709.07459},
 primaryClass = {astro-ph.EP},
       adsurl = {https://ui.adsabs.harvard.edu/abs/2017ApJ...850...17R},
      adsnote = {Provided by the SAO/NASA Astrophysics Data System}
}

@article{roman2021clouds,
       author = {{Roman}, Michael T. and {Kempton}, Eliza M. -R. and {Rauscher}, Emily and {Harada}, Caleb K. and {Bean}, Jacob L. and {Stevenson}, Kevin B.},
        title = "{Clouds in Three-dimensional Models of Hot Jupiters over a Wide Range of Temperatures. I. Thermal Structures and Broadband Phase-curve Predictions}",
      journal = {\apj},
     keywords = {Exoplanet atmospheres, Clouds, Exoplanet atmospheric variability, Exoplanets, 487, 2020, 498, Astrophysics - Earth and Planetary Astrophysics},
         year = 2021,
        month = feb,
       volume = {908},
       number = {1},
          eid = {101},
        pages = {101},
          doi = {10.3847/1538-4357/abd549},
archivePrefix = {arXiv},
       eprint = {2010.06936},
 primaryClass = {astro-ph.EP},
       adsurl = {https://ui.adsabs.harvard.edu/abs/2021ApJ...908..101R},
      adsnote = {Provided by the SAO/NASA Astrophysics Data System}
}

@article{salvatier2016probabilistic,
  title={Probabilistic programming in Python using PyMC3},
  author={Salvatier, John and Wiecki, Thomas V and Fonnesbeck, Christopher},
  journal={PeerJ Computer Science},
  volume={2},
  pages={e55},
  year={2016},
  publisher={PeerJ Inc.}, 
  doi={10.7717/peerj-cs.55}
}

@article{cowan2008inverting,
       author = {{Cowan}, Nicolas B. and {Agol}, Eric},
        title = "{Inverting Phase Functions to Map Exoplanets}",
      journal = {\apjl},
     keywords = {methods: data analysis, planetary systems, Astrophysics},
         year = 2008,
        month = may,
       volume = {678},
       number = {2},
        pages = {L129},
          doi = {10.1086/588553},
archivePrefix = {arXiv},
       eprint = {0803.3622},
 primaryClass = {astro-ph},
       adsurl = {https://ui.adsabs.harvard.edu/abs/2008ApJ...678L.129C},
      adsnote = {Provided by the SAO/NASA Astrophysics Data System}
}

@ARTICLE{schlawin2023systematics,
       author = {{Schlawin}, Everett and {Challener}, Ryan and {Mansfield}, Megan and {Rauscher}, Emily and {Adams}, Arthur and {Lustig-Yaeger}, Jacob},
        title = "{Planet Eclipse Mapping with Long-term Baseline Drifts}",
      journal = {\aj},
     keywords = {Eclipses, Hot Jupiters, Exoplanet atmospheres, Planetary atmospheres, Gaussian Processes regression, Astronomical techniques, 442, 753, 487, 1244, 1930, 1684, Astrophysics - Earth and Planetary Astrophysics},
         year = 2023,
        month = may,
       volume = {165},
       number = {5},
          eid = {210},
        pages = {210},
          doi = {10.3847/1538-3881/acc65a},
archivePrefix = {arXiv},
       eprint = {2304.06851},
 primaryClass = {astro-ph.EP},
       adsurl = {https://ui.adsabs.harvard.edu/abs/2023AJ....165..210S},
      adsnote = {Provided by the SAO/NASA Astrophysics Data System}
}

@article{schneider2022exploring,
       author = {{Schneider}, Aaron David and {Carone}, Ludmila and {Decin}, Leen and {J{\o}rgensen}, Uffe Gr{\r{a}}e and {Molli{\`e}re}, Paul and {Baeyens}, Robin and {Kiefer}, Sven and {Helling}, Christiane},
        title = "{Exploring the deep atmospheres of HD 209458b and WASP-43b using a non-gray general circulation model}",
      journal = {\aap},
     keywords = {radiation: dynamics, radiative transfer, scattering, planets and satellites: atmospheres-planets, satellites: gaseous planets, Astrophysics - Earth and Planetary Astrophysics},
         year = 2022,
        month = aug,
       volume = {664},
          eid = {A56},
        pages = {A56},
          doi = {10.1051/0004-6361/202142728},
archivePrefix = {arXiv},
       eprint = {2202.09183},
 primaryClass = {astro-ph.EP},
       adsurl = {https://ui.adsabs.harvard.edu/abs/2022A&A...664A..56S},
      adsnote = {Provided by the SAO/NASA Astrophysics Data System}
}


@ARTICLE{showman2009,
       author = {{Showman}, Adam P. and {Fortney}, Jonathan J. and {Lian}, Yuan and {Marley}, Mark S. and {Freedman}, Richard S. and {Knutson}, Heather A. and {Charbonneau}, David},
        title = "{Atmospheric Circulation of Hot Jupiters: Coupled Radiative-Dynamical General Circulation Model Simulations of HD 189733b and HD 209458b}",
      journal = {\apj},
     keywords = {atmospheric effects, methods: numerical, planets and satellites: general, planets and satellites: individual: HD 209458b HD 189733b, Astrophysics},
         year = 2009,
        month = jul,
       volume = {699},
       number = {1},
        pages = {564-584},
          doi = {10.1088/0004-637X/699/1/564},
archivePrefix = {arXiv},
       eprint = {0809.2089},
 primaryClass = {astro-ph},
       adsurl = {https://ui.adsabs.harvard.edu/abs/2009ApJ...699..564S},
      adsnote = {Provided by the SAO/NASA Astrophysics Data System}
}

@article{showman2011equatorial,
       author = {{Showman}, Adam P. and {Polvani}, Lorenzo M.},
        title = "{Equatorial Superrotation on Tidally Locked Exoplanets}",
      journal = {\apj},
     keywords = {hydrodynamics, methods: analytical, methods: numerical, planets and satellites: atmospheres, planets and satellites: individual: HD 189733b, waves, Astrophysics - Earth and Planetary Astrophysics},
         year = 2011,
        month = sep,
       volume = {738},
       number = {1},
          eid = {71},
        pages = {71},
          doi = {10.1088/0004-637X/738/1/71},
archivePrefix = {arXiv},
       eprint = {1103.3101},
 primaryClass = {astro-ph.EP},
       adsurl = {https://ui.adsabs.harvard.edu/abs/2011ApJ...738...71S},
      adsnote = {Provided by the SAO/NASA Astrophysics Data System}
}

@ARTICLE{Spiga2020,
       author = {{Spiga}, Aymeric and {Guerlet}, Sandrine and {Millour}, Ehouarn and {Indurain}, Mikel and {Meurdesoif}, Yann and {Cabanes}, Simon and {Dubos}, Thomas and {Leconte}, J{\'e}r{\'e}my and {Boissinot}, Alexandre and {Lebonnois}, S{\'e}bastien and {Sylvestre}, M{\'e}lody and {Fouchet}, Thierry},
        title = "{Global climate modeling of Saturn's atmosphere. Part II: Multi-annual high-resolution dynamical simulations}",
      journal = {\icarus},
     keywords = {Astrophysics - Earth and Planetary Astrophysics, Physics - Atmospheric and Oceanic Physics},
         year = 2020,
        month = jan,
       volume = {335},
          eid = {113377},
        pages = {113377},
          doi = {10.1016/j.icarus.2019.07.011},
archivePrefix = {arXiv},
       eprint = {1811.01250},
 primaryClass = {astro-ph.EP},
       adsurl = {https://ui.adsabs.harvard.edu/abs/2020Icar..33513377S},
      adsnote = {Provided by the SAO/NASA Astrophysics Data System}
}

@article{stern1992pluto,
       author = {{Stern}, S.~A.},
        title = "{The Pluto-Charon system.}",
      journal = {\araa},
     keywords = {Charon, Planetary Cores, Planetary Surfaces, Pluto Atmosphere, Physical Properties, Planetary Orbits, Solar System, Lunar and Planetary Exploration},
         year = 1992,
        month = jan,
       volume = {30},
        pages = {185-233},
          doi = {10.1146/annurev.aa.30.090192.001153},
       adsurl = {https://ui.adsabs.harvard.edu/abs/1992ARA&A..30..185S},
      adsnote = {Provided by the SAO/NASA Astrophysics Data System}
}

@article{stock2018fastchem,
       author = {{Stock}, Joachim W. and {Kitzmann}, Daniel and {Patzer}, A. Beate C. and {Sedlmayr}, Erwin},
        title = "{FastChem: A computer program for efficient complex chemical equilibrium calculations in the neutral/ionized gas phase with applications to stellar and planetary atmospheres}",
      journal = {\mnras},
     keywords = {astrochemistry, methods: numerical, planets and satellites: atmospheres, stars: atmospheres, Astrophysics - Earth and Planetary Astrophysics, Astrophysics - Solar and Stellar Astrophysics},
         year = 2018,
        month = sep,
       volume = {479},
       number = {1},
        pages = {865-874},
          doi = {10.1093/mnras/sty1531},
archivePrefix = {arXiv},
       eprint = {1804.05010},
 primaryClass = {astro-ph.EP},
       adsurl = {https://ui.adsabs.harvard.edu/abs/2018MNRAS.479..865S},
      adsnote = {Provided by the SAO/NASA Astrophysics Data System}
}


@ARTICLE{tan2021a,
       author = {{Tan}, Xianyu and {Showman}, Adam P.},
        title = "{Atmospheric circulation of brown dwarfs and directly imaged exoplanets driven by cloud radiative feedback: effects of rotation}",
      journal = {\mnras},
     keywords = {hydrodynamics, methods: numerical, planets and satellites: atmospheres, planets and satellites: gaseous planets, brown dwarfs, Astrophysics - Earth and Planetary Astrophysics, Astrophysics - Solar and Stellar Astrophysics, Physics - Atmospheric and Oceanic Physics},
         year = 2021,
        month = mar,
       volume = {502},
       number = {1},
        pages = {678-699},
          doi = {10.1093/mnras/stab060},
archivePrefix = {arXiv},
       eprint = {2005.12152},
 primaryClass = {astro-ph.EP},
       adsurl = {https://ui.adsabs.harvard.edu/abs/2021MNRAS.502..678T},
      adsnote = {Provided by the SAO/NASA Astrophysics Data System}
}


@ARTICLE{Tan2021b,
       author = {{Tan}, Xianyu and {Showman}, Adam P.},
        title = "{Atmospheric circulation of brown dwarfs and directly imaged exoplanets driven by cloud radiative feedback: global and equatorial dynamics}",
      journal = {\mnras},
     keywords = {hydrodynamics, methods: numerical, planets and satellites: atmospheres, planets and satellites: gaseous planets, brown dwarfs, Astrophysics - Earth and Planetary Astrophysics, Astrophysics - Solar and Stellar Astrophysics},
         year = 2021,
        month = apr,
       volume = {502},
       number = {2},
        pages = {2198-2219},
          doi = {10.1093/mnras/stab097},
archivePrefix = {arXiv},
       eprint = {2101.04417},
 primaryClass = {astro-ph.EP},
       adsurl = {https://ui.adsabs.harvard.edu/abs/2021MNRAS.502.2198T},
      adsnote = {Provided by the SAO/NASA Astrophysics Data System}
}





@article{turbet_habitability_2016,
	title = {The habitability of {Proxima} {Centauri} b: {II}. {Possible} climates and observability},
	volume = {596},
	issn = {0004-6361, 1432-0746},
	doi = {10.1051/0004-6361/201629577},
	journal = {Astronomy \& Astrophysics},
	author = {Turbet, Martin and Leconte, Jérémy and Selsis, Franck and Bolmont, Emeline and Forget, François and Ribas, Ignasi and Raymond, Sean N. and Anglada-Escudé, Guillem},
	month = dec,
	year = {2016},
	pages = {A112}
}

@ARTICLE{Turbet2021,
       author = {{Turbet}, Martin and {Bolmont}, Emeline and {Chaverot}, Guillaume and {Ehrenreich}, David and {Leconte}, J{\'e}r{\'e}my and {Marcq}, Emmanuel},
        title = "{Day-night cloud asymmetry prevents early oceans on Venus but not on Earth}",
      journal = {\nat},
     keywords = {Astrophysics - Earth and Planetary Astrophysics, Physics - Atmospheric and Oceanic Physics},
         year = 2021,
        month = oct,
       volume = {598},
       number = {7880},
        pages = {276-280},
          doi = {10.1038/s41586-021-03873-w},
archivePrefix = {arXiv},
       eprint = {2110.08801},
 primaryClass = {astro-ph.EP},
       adsurl = {https://ui.adsabs.harvard.edu/abs/2021Natur.598..276T},
      adsnote = {Provided by the SAO/NASA Astrophysics Data System}
}



@article{warner1971measurement,
       author = {{Warner}, B. and {Robinson}, E.~L. and {Nather}, R.~E.},
        title = "{Measurement of limb darkening on the white dwarf BD +16 516B.}",
      journal = {\mnras},
         year = 1971,
        month = jan,
       volume = {154},
        pages = {455},
          doi = {10.1093/mnras/154.4.455},
       adsurl = {https://ui.adsabs.harvard.edu/abs/1971MNRAS.154..455W},
      adsnote = {Provided by the SAO/NASA Astrophysics Data System}
}

@article{zhang2017constraining,
       author = {{Zhang}, Jisheng and {Kempton}, Eliza M. -R. and {Rauscher}, Emily},
        title = "{Constraining Hot Jupiter Atmospheric Structure and Dynamics through Doppler-shifted Emission Spectra}",
      journal = {\apj},
     keywords = {Planetary systems, Astrophysics - Earth and Planetary Astrophysics, 97M50},
         year = 2017,
        month = dec,
       volume = {851},
       number = {2},
          eid = {84},
        pages = {84},
          doi = {10.3847/1538-4357/aa9891},
archivePrefix = {arXiv},
       eprint = {1711.02684},
 primaryClass = {astro-ph.EP},
       adsurl = {https://ui.adsabs.harvard.edu/abs/2017ApJ...851...84Z},
      adsnote = {Provided by the SAO/NASA Astrophysics Data System}
}
@article{teinturier2023,
    author ={{Teinturier}, L. and {Charnay}, B. and {Spiga}, A. and {Bézard}, B. and {Leconte}, J. and {Mechineau}, A. and {Ducrot}, E. and {Millour}, E. and {Clément}, N.} ,
    title ="{The radiative and dynamical impact of clouds in the atmosphere of the Hot Jupiter WASP-43 b}" ,
    journal = {\aap},
    year = {2023}
}

@article{placek2017analyzing,
  title={Analyzing Exoplanet Phase Curve Information Content: Toward Optimized Observing Strategies},
  author={Placek, Ben and Angerhausen, Daniel and Knuth, Kevin H},
  journal={The Astronomical Journal},
  volume={154},
  number={4},
  pages={154},
  year={2017},
  publisher={IOP Publishing}
}

@article{akaike1981likelihood,
  title={Likelihood of a model and information criteria},
  author={Akaike, Hirotugu},
  journal={Journal of econometrics},
  volume={16},
  number={1},
  pages={3--14},
  year={1981},
  publisher={Elsevier}
}

@article{burnham2004multimodel,
  title={Multimodel inference: understanding AIC and BIC in model selection},
  author={Burnham, Kenneth P and Anderson, David R},
  journal={Sociological Methods \& Research},
  volume={33},
  number={2},
  pages={261--304},
  year={2004},
  publisher={Sage Publications Sage CA: Thousand Oaks, CA}, 
  doi={10.1177/0049124104268644},
}

@article{stone1977asymptotic,
  title={An Asymptotic Equivalence of Choice of Model by Cross-Validation and Akaike's Criterion},
  author={Stone, Mervyn},
  journal={Journal of the Royal Statistical Society: Series B (Methodological)},
  volume={39},
  number={1},
  pages={44--47},
  year={1977},
  publisher={Wiley Online Library}, 
  doi={10.1111/j.2517-6161.1977.tb01603.x}
}

@article{challener2023bringing,
       author = {{Challener}, Ryan C. and {Welbanks}, Luis and {McGill}, Peter},
        title = "{Bringing 2D Eclipse Mapping out of the Shadows with Leave-one-out Cross-validation}",
      journal = {arXiv e-prints},
     keywords = {Astrophysics - Earth and Planetary Astrophysics, Astrophysics - Instrumentation and Methods for Astrophysics},
         year = 2023,
        month = oct,
          eid = {arXiv:2310.03733},
        pages = {arXiv:2310.03733},
          doi = {10.48550/arXiv.2310.03733},
archivePrefix = {arXiv},
       eprint = {2310.03733},
 primaryClass = {astro-ph.EP},
       adsurl = {https://ui.adsabs.harvard.edu/abs/2023arXiv231003733C},
      adsnote = {Provided by the SAO/NASA Astrophysics Data System}
}

@article{schwarz1978estimating,
       author = {{Schwarz}, Gideon},
        title = "{Estimating the Dimension of a Model}",
      journal = {Annals of Statistics},
         year = 1978,
        month = jul,
       volume = {6},
       number = {2},
        pages = {461-464},
       adsurl = {https://ui.adsabs.harvard.edu/abs/1978AnSta...6..461S},
      adsnote = {Provided by the SAO/NASA Astrophysics Data System}
}

@ARTICLE{morello2017,
       author = {{Morello}, G. and {Tsiaras}, A. and {Howarth}, I.~D. and {Homeier}, D.},
        title = "{High-precision Stellar Limb-darkening in Exoplanetary Transits}",
      journal = {\aj},
     keywords = {methods: observational, planetary systems, planets and satellites: atmospheres, planets and satellites: fundamental parameters, techniques: photometric, techniques: spectroscopic, Astrophysics - Earth and Planetary Astrophysics},
         year = 2017,
        month = sep,
       volume = {154},
       number = {3},
          eid = {111},
        pages = {111},
          doi = {10.3847/1538-3881/aa8405},
archivePrefix = {arXiv},
       eprint = {1704.08232},
 primaryClass = {astro-ph.EP},
       adsurl = {https://ui.adsabs.harvard.edu/abs/2017AJ....154..111M},
      adsnote = {Provided by the SAO/NASA Astrophysics Data System}
}

@ARTICLE{morello2018,
       author = {{Morello}, G.},
        title = "{A SEA BASS on the Exoplanet HD 209458b}",
      journal = {\aj},
     keywords = {planets and satellites: atmospheres, planets and satellites: fundamental parameters, planets and satellites: individual: HD 209458b, Astrophysics - Earth and Planetary Astrophysics},
         year = 2018,
        month = oct,
       volume = {156},
       number = {4},
          eid = {175},
        pages = {175},
          doi = {10.3847/1538-3881/aadda4},
archivePrefix = {arXiv},
       eprint = {1712.09393},
 primaryClass = {astro-ph.EP},
       adsurl = {https://ui.adsabs.harvard.edu/abs/2018AJ....156..175M},
      adsnote = {Provided by the SAO/NASA Astrophysics Data System}
}



@article{yang2023testing,
  title={Testing 2D temperature models in Bayesian retrievals of atmospheric properties from hot Jupiter phase curves},
  author={Yang, Jingxuan and Irwin, Patrick GJ and Barstow, Joanna K},
  journal={Monthly Notices of the Royal Astronomical Society},
  volume={525},
  number={4},
  pages={5146--5167},
  year={2023},
  doi = {10.1093/mnras/stad2555},  
  publisher={Oxford University Press}
}


@ARTICLE{allard1995,
       author = {{Allard}, France and {Hauschildt}, Peter H.},
        title = "{Model Atmospheres for M (Sub)Dwarf Stars. I. The Base Model Grid}",
      journal = {\apj},
     keywords = {Abundance, Infrared Signatures, Molecular Spectra, Stellar Atmospheres, Stellar Luminosity, Stellar Spectra, Subdwarf Stars, Hydrodynamics, Line Spectra, Metallicity, Opacity, Optical Thickness, Stellar Models, Astrophysics, ATOMIC DATA, MOLECULAR DATA, STARS: ATMOSPHERES, STARS: LATE-TYPE, STARS: SUBDWARFS, Astrophysics},
         year = 1995,
        month = may,
       volume = {445},
        pages = {433},
          doi = {10.1086/175708},
archivePrefix = {arXiv},
       eprint = {astro-ph/9601150},
 primaryClass = {astro-ph},
       adsurl = {https://ui.adsabs.harvard.edu/abs/1995ApJ...445..433A},
      adsnote = {Provided by the SAO/NASA Astrophysics Data System}
}


@ARTICLE{husser2013,
       author = {{Husser}, T. -O. and {Wende-von Berg}, S. and {Dreizler}, S. and {Homeier}, D. and {Reiners}, A. and {Barman}, T. and {Hauschildt}, P.~H.},
        title = "{A new extensive library of PHOENIX stellar atmospheres and synthetic spectra}",
      journal = {\aap},
     keywords = {stars: atmospheres, convection, stars: late-type, Astrophysics - Solar and Stellar Astrophysics},
         year = 2013,
        month = may,
       volume = {553},
          eid = {A6},
        pages = {A6},
          doi = {10.1051/0004-6361/201219058},
archivePrefix = {arXiv},
       eprint = {1303.5632},
 primaryClass = {astro-ph.SR},
       adsurl = {https://ui.adsabs.harvard.edu/abs/2013A&A...553A...6H},
      adsnote = {Provided by the SAO/NASA Astrophysics Data System}
}


@article{hauschildt1999,
       author = {{Hauschildt}, Peter H. and {Allard}, France and {Baron}, E.},
        title = "{The NextGen Model Atmosphere Grid for 3000$<$=T$_{eff}$$<$=10,000 K}",
      journal = {\apj},
     keywords = {RADIATIVE TRANSFER, STARS: ATMOSPHERES, STARS: LATE-TYPE, Radiative Transfer, Stars: Atmospheres, Stars: Late-Type, Astrophysics},
         year = 1999,
        month = feb,
       volume = {512},
       number = {1},
        pages = {377-385},
          doi = {10.1086/306745},
archivePrefix = {arXiv},
       eprint = {astro-ph/9807286},
 primaryClass = {astro-ph},
       adsurl = {https://ui.adsabs.harvard.edu/abs/1999ApJ...512..377H},
      adsnote = {Provided by the SAO/NASA Astrophysics Data System}
}