@ARTICLE{heintz22,
       author = {{Heintz}, Tyler M. and {Hermes}, J.~J. and {El-Badry}, Kareem and {Walsh}, Charlie and {van Saders}, Jennifer L. and {Fields}, C.~E. and {Koester}, Detlev},
        title = "{Testing White Dwarf Age Estimates Using Wide Double White Dwarf Binaries from Gaia EDR3}",
      journal = {\apj},
     keywords = {White dwarf stars, Wide binary stars, Stellar ages, 1799, 1801, 1581, Astrophysics - Solar and Stellar Astrophysics},
         year = 2022,
        month = aug,
       volume = {934},
       number = {2},
          eid = {148},
        pages = {148},
          doi = {10.3847/1538-4357/ac78d9},
archivePrefix = {arXiv},
       eprint = {2206.00025},
 primaryClass = {astro-ph.SR},
       adsurl = {https://ui.adsabs.harvard.edu/abs/2022ApJ...934..148H},
      adsnote = {Provided by the SAO/NASA Astrophysics Data System}
}

@ARTICLE{BailerJones2021,
       author = {{Bailer-Jones}, C.~A.~L. and {Rybizki}, J. and {Fouesneau}, M. and {Demleitner}, M. and {Andrae}, R.},
        title = "{Estimating Distances from Parallaxes. V. Geometric and Photogeometric Distances to 1.47 Billion Stars in Gaia Early Data Release 3}",
      journal = {\aj},
     keywords = {Catalogs, Galaxy structure, Bayesian statistics, Parallax, Stellar parallax, Photometric parallax, Distance indicators, Astrometry, Markov chain Monte Carlo, Absolute magnitude, 205, 622, 1900, 1197, 1618, 1231, 394, 80, 1889, 10, Astrophysics - Solar and Stellar Astrophysics, Astrophysics - Astrophysics of Galaxies},
         year = 2021,
        month = mar,
       volume = {161},
       number = {3},
          eid = {147},
        pages = {147},
          doi = {10.3847/1538-3881/abd806},
archivePrefix = {arXiv},
       eprint = {2012.05220},
 primaryClass = {astro-ph.SR},
       adsurl = {https://ui.adsabs.harvard.edu/abs/2021AJ....161..147B},
      adsnote = {Provided by the SAO/NASA Astrophysics Data System}
}

@ARTICLE{Gentile2018,
       author = {{Gentile Fusillo}, N.~P. and {Tremblay}, P. -E. and {Jordan}, S. and {G{\"a}nsicke}, B.~T. and {Kalirai}, J.~S. and {Cummings}, J.},
        title = "{Can magnetic fields suppress convection in the atmosphere of cool white dwarfs? A case study on WD2105-820}",
      journal = {\mnras},
     keywords = {stars: individual: (WD2105-820, WD1544-377, WD1310+583, WD0839-327), stars: magnetic field, white dwarfs, Astrophysics - Solar and Stellar Astrophysics},
         year = 2018,
        month = jan,
       volume = {473},
       number = {3},
        pages = {3693-3699},
          doi = {10.1093/mnras/stx2584},
archivePrefix = {arXiv},
       eprint = {1710.02151},
 primaryClass = {astro-ph.SR},
       adsurl = {https://ui.adsabs.harvard.edu/abs/2018MNRAS.473.3693G},
      adsnote = {Provided by the SAO/NASA Astrophysics Data System}
}

@ARTICLE{Tremblay2013,
       author = {{Tremblay}, P. -E. and {Ludwig}, H. -G. and {Steffen}, M. and {Freytag}, B.},
        title = "{Spectroscopic analysis of DA white dwarfs with 3D model atmospheres}",
      journal = {\aap},
     keywords = {convection, hydrodynamics, line: profiles, stars: atmospheres, white dwarfs, Astrophysics - Solar and Stellar Astrophysics},
         year = 2013,
        month = nov,
       volume = {559},
          eid = {A104},
        pages = {A104},
          doi = {10.1051/0004-6361/201322318},
archivePrefix = {arXiv},
       eprint = {1309.0886},
 primaryClass = {astro-ph.SR},
       adsurl = {https://ui.adsabs.harvard.edu/abs/2013A&A...559A.104T},
      adsnote = {Provided by the SAO/NASA Astrophysics Data System}
}

@ARTICLE{landstreet12,
       author = {{Landstreet}, J.~D. and {Bagnulo}, S. and {Valyavin}, G.~G. and {Fossati}, L. and {Jordan}, S. and {Monin}, D. and {Wade}, G.~A.},
        title = "{On the incidence of weak magnetic fields in DA white dwarfs}",
      journal = {\aap},
     keywords = {white dwarfs, stars: magnetic field, Astrophysics - Solar and Stellar Astrophysics},
         year = 2012,
        month = sep,
       volume = {545},
          eid = {A30},
        pages = {A30},
          doi = {10.1051/0004-6361/201219829},
archivePrefix = {arXiv},
       eprint = {1208.3650},
 primaryClass = {astro-ph.SR},
       adsurl = {https://ui.adsabs.harvard.edu/abs/2012A&A...545A..30L},
      adsnote = {Provided by the SAO/NASA Astrophysics Data System}
}

@ARTICLE{fontaine01,
       author = {{Fontaine}, G. and {Brassard}, P. and {Bergeron}, P.},
        title = "{The Potential of White Dwarf Cosmochronology}",
      journal = {\pasp},
     keywords = {Galaxy: Fundamental Parameters, Galaxy: Halo, Galaxy: Globular Clusters: General, Invited Reviews, Galaxy: Solar Neighborhood, Stars: Atmospheres, Stars: Evolution, Stars: White Dwarfs},
         year = 2001,
        month = apr,
       volume = {113},
       number = {782},
        pages = {409-435},
          doi = {10.1086/319535},
       adsurl = {https://ui.adsabs.harvard.edu/abs/2001PASP..113..409F},
      adsnote = {Provided by the SAO/NASA Astrophysics Data System}
}

@ARTICLE{stassun2018,
       author = {{Stassun}, Keivan G. and {Oelkers}, Ryan J. and {Pepper}, Joshua and {Paegert}, Martin and {De Lee}, Nathan and {Torres}, Guillermo and {Latham}, David W. and {Charpinet}, St{\'e}phane and {Dressing}, Courtney D. and {Huber}, Daniel and {Kane}, Stephen R. and {L{\'e}pine}, S{\'e}bastien and {Mann}, Andrew and {Muirhead}, Philip S. and {Rojas-Ayala}, B{\'a}rbara and {Silvotti}, Roberto and {Fleming}, Scott W. and {Levine}, Al and {Plavchan}, Peter},
        title = "{The TESS Input Catalog and Candidate Target List}",
      journal = {\aj},
     keywords = {stars: fundamental parameters, Astrophysics - Earth and Planetary Astrophysics, Astrophysics - Solar and Stellar Astrophysics},
         year = 2018,
        month = sep,
       volume = {156},
       number = {3},
          eid = {102},
        pages = {102},
          doi = {10.3847/1538-3881/aad050},
archivePrefix = {arXiv},
       eprint = {1706.00495},
 primaryClass = {astro-ph.EP},
       adsurl = {https://ui.adsabs.harvard.edu/abs/2018AJ....156..102S},
      adsnote = {Provided by the SAO/NASA Astrophysics Data System}
}


@ARTICLE{Batalha2014,
       author = {{Batalha}, Natalie M.},
        title = "{Exploring exoplanet populations with NASA's Kepler Mission}",
      journal = {Proceedings of the National Academy of Science},
     keywords = {Astrophysics - Earth and Planetary Astrophysics},
         year = 2014,
        month = sep,
       volume = {111},
       number = {35},
        pages = {12647-12654},
          doi = {10.1073/pnas.1304196111},
archivePrefix = {arXiv},
       eprint = {1409.1904},
 primaryClass = {astro-ph.EP},
       adsurl = {https://ui.adsabs.harvard.edu/abs/2014PNAS..11112647B},
      adsnote = {Provided by the SAO/NASA Astrophysics Data System}
}


@ARTICLE{Temmink2020,
       author = {{Temmink}, K.~D. and {Toonen}, S. and {Zapartas}, E. and {Justham}, S. and {G{\"a}nsicke}, B.~T.},
        title = "{Looks can be deceiving. Underestimating the age of single white dwarfs due to binary mergers}",
      journal = {\aap},
     keywords = {binaries: close, stars: evolution, white dwarfs, blue stragglers, Astrophysics - Solar and Stellar Astrophysics},
         year = 2020,
        month = apr,
       volume = {636},
          eid = {A31},
        pages = {A31},
          doi = {10.1051/0004-6361/201936889},
archivePrefix = {arXiv},
       eprint = {1910.05335},
 primaryClass = {astro-ph.SR},
       adsurl = {https://ui.adsabs.harvard.edu/abs/2020A&A...636A..31T},
      adsnote = {Provided by the SAO/NASA Astrophysics Data System}
}

@ARTICLE{Lis2019,
       author = {{Lis}, Dariusz C. and {Bockel{\'e}e-Morvan}, Dominique and {G{\"u}sten}, Rolf and {Biver}, Nicolas and {Stutzki}, J{\"u}rgen and {Delorme}, Yan and {Dur{\'a}n}, Carlos and {Wiesemeyer}, Helmut and {Okada}, Yoko},
        title = "{Terrestrial deuterium-to-hydrogen ratio in water in hyperactive comets}",
      journal = {\aap},
     keywords = {comets: general, comets: individual: 46P/Wirtanen, submillimeter: planetary systems, astrochemistry, Kuiper belt: general, Astrophysics - Earth and Planetary Astrophysics},
         year = 2019,
        month = may,
       volume = {625},
          eid = {L5},
        pages = {L5},
          doi = {10.1051/0004-6361/201935554},
archivePrefix = {arXiv},
       eprint = {1904.09175},
 primaryClass = {astro-ph.EP},
       adsurl = {https://ui.adsabs.harvard.edu/abs/2019A&A...625L...5L},
      adsnote = {Provided by the SAO/NASA Astrophysics Data System}
}

@ARTICLE{Ballering2022,
       author = {{Ballering}, Nicholas P. and {Levens}, Colette I. and {Su}, Kate Y.~L. and {Cleeves}, L. Ilsedore},
        title = "{The Geometry of the G29-38 White Dwarf Dust Disk from Radiative Transfer Modeling}",
      journal = {\apj},
     keywords = {Infrared excess, Circumstellar disks, White dwarf stars, 788, 235, 1799, Astrophysics - Earth and Planetary Astrophysics, Astrophysics - Solar and Stellar Astrophysics},
         year = 2022,
        month = nov,
       volume = {939},
       number = {2},
          eid = {108},
        pages = {108},
          doi = {10.3847/1538-4357/ac9a4a},
archivePrefix = {arXiv},
       eprint = {2211.00118},
 primaryClass = {astro-ph.EP},
       adsurl = {https://ui.adsabs.harvard.edu/abs/2022ApJ...939..108B},
      adsnote = {Provided by the SAO/NASA Astrophysics Data System}
}

@ARTICLE{Bonsor2017,
       author = {{Bonsor}, Amy and {Farihi}, Jay and {Wyatt}, Mark C. and {van Lieshout}, Rik},
        title = "{Infrared observations of white dwarfs and the implications for the accretion of dusty planetary material}",
      journal = {\mnras},
     keywords = {planets and satellites: general, circumstellar matter, planetary systems, white dwarfs, Astrophysics - Earth and Planetary Astrophysics},
         year = 2017,
        month = jun,
       volume = {468},
       number = {1},
        pages = {154-164},
          doi = {10.1093/mnras/stx425},
archivePrefix = {arXiv},
       eprint = {1702.05123},
 primaryClass = {astro-ph.EP},
       adsurl = {https://ui.adsabs.harvard.edu/abs/2017MNRAS.468..154B},
      adsnote = {Provided by the SAO/NASA Astrophysics Data System}
}

@ARTICLE{Kilic2023,
       author = {{Kilic}, Mukremin and {Moss}, Adam G. and {Kosakowski}, Alekzander and {Bergeron}, P. and {Conly}, Annamarie A. and {Brown}, Warren R. and {Toonen}, Silvia and {Williams}, Kurtis A. and {Dufour}, P.},
        title = "{The merger fraction of ultramassive white dwarfs}",
      journal = {\mnras},
     keywords = {stars: evolution, stars: magnetic field, stars: rotation, white dwarfs, Astrophysics - Solar and Stellar Astrophysics, Astrophysics - High Energy Astrophysical Phenomena},
         year = 2023,
        month = jan,
       volume = {518},
       number = {2},
        pages = {2341-2353},
          doi = {10.1093/mnras/stac3182},
archivePrefix = {arXiv},
       eprint = {2211.05938},
 primaryClass = {astro-ph.SR},
       adsurl = {https://ui.adsabs.harvard.edu/abs/2023MNRAS.518.2341K},
      adsnote = {Provided by the SAO/NASA Astrophysics Data System}
}

@ARTICLE{Gentile2021,
       author = {{Gentile Fusillo}, N.~P. and {Manser}, C.~J. and {G{\"a}nsicke}, Boris T. and {Toloza}, O. and {Koester}, D. and {Dennihy}, E. and {Brown}, W.~R. and {Farihi}, J. and {Hollands}, M.~A. and {Hoskin}, M.~J. and {Izquierdo}, P. and {Kinnear}, T. and {Marsh}, T.~R. and {Santamar{\'\i}a-Miranda}, A. and {Pala}, A.~F. and {Redfield}, S. and {Rodr{\'\i}guez-Gil}, P. and {Schreiber}, M.~R. and {Veras}, Dimitri and {Wilson}, D.~J.},
        title = "{White dwarfs with planetary remnants in the era of Gaia - I. Six emission line systems}",
      journal = {\mnras},
     keywords = {line: profiles, circumstellar matter, planetary systems, white dwarfs, Astrophysics - Solar and Stellar Astrophysics},
         year = 2021,
        month = jun,
       volume = {504},
       number = {2},
        pages = {2707-2726},
          doi = {10.1093/mnras/stab992},
archivePrefix = {arXiv},
       eprint = {2010.13807},
 primaryClass = {astro-ph.SR},
       adsurl = {https://ui.adsabs.harvard.edu/abs/2021MNRAS.504.2707G},
      adsnote = {Provided by the SAO/NASA Astrophysics Data System}
}

@ARTICLE{Melis2020,
       author = {{Melis}, Carl and {Klein}, Beth and {Doyle}, Alexandra E. and {Weinberger}, Alycia and {Zuckerman}, B. and {Dufour}, Patrick},
        title = "{Serendipitous Discovery of Nine White Dwarfs with Gaseous Debris Disks}",
      journal = {\apj},
     keywords = {Circumstellar matter, Exoplanet systems, Stellar abundances, White dwarf stars, 241, 484, 1577, 1799, Astrophysics - Solar and Stellar Astrophysics, Astrophysics - Earth and Planetary Astrophysics},
         year = 2020,
        month = dec,
       volume = {905},
       number = {1},
          eid = {56},
        pages = {56},
          doi = {10.3847/1538-4357/abbdfa},
archivePrefix = {arXiv},
       eprint = {2010.03695},
 primaryClass = {astro-ph.SR},
       adsurl = {https://ui.adsabs.harvard.edu/abs/2020ApJ...905...56M},
      adsnote = {Provided by the SAO/NASA Astrophysics Data System}
}

@ARTICLE{Dennihy2020,
       author = {{Dennihy}, Erik and {Xu}, Siyi and {Lai}, Samuel and {Bonsor}, Amy and {Clemens}, J.~C. and {Dufour}, Patrick and {G{\"a}nsicke}, Boris T. and {Gentile Fusillo}, Nicola Pietro and {Hardy}, Fran{\c{c}}ois and {Hegedus}, R.~J. and {Hermes}, J.~J. and {Kaiser}, B.~C. and {Kissler-Patig}, Markus and {Klein}, Beth and {Manser}, Christopher J. and {Reding}, Joshua S.},
        title = "{Five New Post-main-sequence Debris Disks with Gaseous Emission}",
      journal = {\apj},
     keywords = {White dwarf stars, Debris disks, Circumstellar disks, Planetesimals, 1799, 363, 235, 1259, Astrophysics - Earth and Planetary Astrophysics, Astrophysics - Solar and Stellar Astrophysics},
         year = 2020,
        month = dec,
       volume = {905},
       number = {1},
          eid = {5},
        pages = {5},
          doi = {10.3847/1538-4357/abc339},
archivePrefix = {arXiv},
       eprint = {2010.03693},
 primaryClass = {astro-ph.EP},
       adsurl = {https://ui.adsabs.harvard.edu/abs/2020ApJ...905....5D},
      adsnote = {Provided by the SAO/NASA Astrophysics Data System}
}

@ARTICLE{Alcock86,
       author = {{Alcock}, C. and {Fristrom}, C.~C. and {Siegelman}, R.},
        title = "{On the Number of Comets around Other Single Stars}",
      journal = {\apj},
     keywords = {Comets, Stellar Evolution, Stellar Orbits, White Dwarf Stars, Abundance, Equations Of Motion, Hamiltonian Functions, Monte Carlo Method, Oort Cloud, Stellar Luminosity, Stellar Mass Accretion, Stellar Mass Ejection, COMETS, ABUNDANCE, ORBITS, CLOUDS, COMPARISONS, THEORETICAL STUDIES, ACCRETION, CALCIUM, SOURCE, PROCEDURE, METAL, ATMOSPHERE, MODELS, Astrophysics; Comets, COMETS, STARS: WHITE DWARFS},
         year = 1986,
        month = mar,
       volume = {302},
        pages = {462},
          doi = {10.1086/164005},
       adsurl = {https://ui.adsabs.harvard.edu/abs/1986ApJ...302..462A},
      adsnote = {Provided by the SAO/NASA Astrophysics Data System}
}


@ARTICLE{Batygin2016,
       author = {{Batygin}, Konstantin and {Bodenheimer}, Peter H. and
         {Laughlin}, Gregory P.},
        title = "{In Situ Formation and Dynamical Evolution of Hot Jupiter Systems}",
      journal = {\apj},
     keywords = {planets and satellites: dynamical evolution and stability, planets and satellites: formation, Astrophysics - Earth and Planetary Astrophysics},
         year = 2016,
        month = oct,
       volume = {829},
       number = {2},
          eid = {114},
        pages = {114},
          doi = {10.3847/0004-637X/829/2/114},
archivePrefix = {arXiv},
       eprint = {1511.09157},
 primaryClass = {astro-ph.EP},
       adsurl = {https://ui.adsabs.harvard.edu/abs/2016ApJ...829..114B},
      adsnote = {Provided by the SAO/NASA Astrophysics Data System}
}


@ARTICLE{Bryson20,
       author = {{Bryson}, S. and {Coughlin}, J. and {Batalha}, N.~M. and {Berger}, T. and {Huber}, D. and {Burke}, C. and {Dotson}, J. and {Mullally}, S.~E.},
        title = "{A Probabilistic Approach to Kepler Completeness and Reliability for Exoplanet Occurrence Rates}",
      journal = {\aj},
     keywords = {Exoplanet catalogs, Exoplanets, Exoplanet detection methods, 488, 498, 489, Astrophysics - Earth and Planetary Astrophysics, Astrophysics - Instrumentation and Methods for Astrophysics},
         year = 2020,
        month = jun,
       volume = {159},
       number = {6},
          eid = {279},
        pages = {279},
          doi = {10.3847/1538-3881/ab8a30},
archivePrefix = {arXiv},
       eprint = {1906.03575},
 primaryClass = {astro-ph.EP},
       adsurl = {https://ui.adsabs.harvard.edu/abs/2020AJ....159..279B},
      adsnote = {Provided by the SAO/NASA Astrophysics Data System}
}


@ARTICLE{Burleigh02,
     author = {{Burleigh}, M.~R. and {Clarke}, F.~J. and {Hodgkin}, S.~T.},
     title = "{Imaging planets around nearby white dwarfs}",
     journal = {\mnras},
     year = 2002,
     month = apr,
     volume = 331,
     pages = {L41-L45},
     adsurl = {http://adsabs.harvard.edu/cgi-bin/nph-bib_query?bibcode=2002MNRAS.331L..41B&db_key=AST},
     adsnote = {Provided by the NASA Astrophysics Data System}
}

@ARTICLE{Burrows2003,
       author = {{Burrows}, Adam and {Sudarsky}, David and {Lunine}, Jonathan I.},
        title = "{Beyond the T Dwarfs: Theoretical Spectra, Colors, and Detectability of the Coolest Brown Dwarfs}",
      journal = {\apj},
     keywords = {Infrared: Stars, Molecular Processes, Radiative Transfer, Stars: Low-Mass, Brown Dwarfs, Astrophysics},
         year = 2003,
        month = oct,
       volume = {596},
       number = {1},
        pages = {587-596},
          doi = {10.1086/377709},
archivePrefix = {arXiv},
       eprint = {astro-ph/0304226},
 primaryClass = {astro-ph},
       adsurl = {https://ui.adsabs.harvard.edu/abs/2003ApJ...596..587B},
      adsnote = {Provided by the SAO/NASA Astrophysics Data System}
}


@ARTICLE{DebesKilic2012,
       author = {{Debes}, J.~H. and {Kilic}, M. and {Faedi}, F. and {Shkolnik}, E.~L. and
         {Lopez-Morales}, M. and {Weinberger}, A.~J. and {Slesnick}, C. and
         {West}, R.~G.},
        title = "{Detection of Weak Circumstellar Gas around the DAZ White Dwarf WD 1124-293: Evidence for the Accretion of Multiple Asteroids}",
      journal = {\apj},
     keywords = {circumstellar matter, planetary systems, white dwarfs, Astrophysics - Solar and Stellar Astrophysics, Astrophysics - Earth and Planetary Astrophysics},
         year = 2012,
        month = jul,
       volume = {754},
       number = {1},
          eid = {59},
        pages = {59},
          doi = {10.1088/0004-637X/754/1/59},
archivePrefix = {arXiv},
       eprint = {1205.3503},
 primaryClass = {astro-ph.SR},
       adsurl = {https://ui.adsabs.harvard.edu/abs/2012ApJ...754...59D},
      adsnote = {Provided by the SAO/NASA Astrophysics Data System}
}

@ARTICLE{DebesWalsh2012,
       author = {{Debes}, John H. and {Walsh}, Kevin J. and {Stark}, Christopher},
        title = "{The Link between Planetary Systems, Dusty White Dwarfs, and Metal-polluted White Dwarfs}",
      journal = {\apj},
     keywords = {methods: numerical, minor planets, asteroids: general, planetary systems, white dwarfs, Astrophysics - Solar and Stellar Astrophysics},
         year = 2012,
        month = mar,
       volume = {747},
       number = {2},
          eid = {148},
        pages = {148},
          doi = {10.1088/0004-637X/747/2/148},
archivePrefix = {arXiv},
       eprint = {1201.0756},
 primaryClass = {astro-ph.SR},
       adsurl = {https://ui.adsabs.harvard.edu/abs/2012ApJ...747..148D},
      adsnote = {Provided by the SAO/NASA Astrophysics Data System}
}

@INBOOK{Debes11,
       author = {{Debes}, John H.},
        title = "{The Origin and Evolution of White Dwarf Dust Disks}",
    booktitle = {White Dwarf Atmospheres and Circumstellar Environments},
         year = 2011,
       editor = {{Hoard}, D.~W.},
        pages = {173-202},
       adsurl = {https://ui.adsabs.harvard.edu/abs/2011wdac.book..173D},
      adsnote = {Provided by the SAO/NASA Astrophysics Data System}
}


@ARTICLE{Doyle16,
       author = {{Doyle}, Laurance R. and {Carter}, Joshua A. and {Fabrycky}, Daniel C. and {Slawson}, Robert W. and {Howell}, Steve B. and {Winn}, Joshua N. and {Orosz}, Jerome A. and {P{\v{r}}sa}, Andrej and {Welsh}, William F. and {Quinn}, Samuel N. and {Latham}, David and {Torres}, Guillermo and {Buchhave}, Lars A. and {Marcy}, Geoffrey W. and {Fortney}, Jonathan J. and {Shporer}, Avi and {Ford}, Eric B. and {Lissauer}, Jack J. and {Ragozzine}, Darin and {Rucker}, Michael and {Batalha}, Natalie and {Jenkins}, Jon M. and {Borucki}, William J. and {Koch}, David and {Middour}, Christopher K. and {Hall}, Jennifer R. and {McCauliff}, Sean and {Fanelli}, Michael N. and {Quintana}, Elisa V. and {Holman}, Matthew J. and {Caldwell}, Douglas A. and {Still}, Martin and {Stefanik}, Robert P. and {Brown}, Warren R. and {Esquerdo}, Gilbert A. and {Tang}, Sumin and {Furesz}, Gabor and {Geary}, John C. and {Berlind}, Perry and {Calkins}, Michael L. and {Short}, Donald R. and {Steffen}, Jason H. and {Sasselov}, Dimitar and {Dunham}, Edward W. and {Cochran}, William D. and {Boss}, Alan and {Haas}, Michael R. and {Buzasi}, Derek and {Fischer}, Debra},
        title = "{Kepler-16: A Transiting Circumbinary Planet}",
      journal = {Science},
     keywords = {ASTRONOMY, Astrophysics - Earth and Planetary Astrophysics},
         year = 2011,
        month = sep,
       volume = {333},
       number = {6049},
        pages = {1602},
          doi = {10.1126/science.121092310.48550/arXiv.1109.3432},
archivePrefix = {arXiv},
       eprint = {1109.3432},
 primaryClass = {astro-ph.EP},
       adsurl = {https://ui.adsabs.harvard.edu/abs/2011Sci...333.1602D},
      adsnote = {Provided by the SAO/NASA Astrophysics Data System}
}



@ARTICLE{Eisenstein06,
       author = {{Eisenstein}, Daniel J. and {Liebert}, James and {Harris}, Hugh C. and {Kleinman}, S.~J. and {Nitta}, Atsuko and {Silvestri}, Nicole and {Anderson}, Scott A. and {Barentine}, J.~C. and {Brewington}, Howard J. and {Brinkmann}, J. and {Harvanek}, Michael and {Krzesi{\'n}ski}, Jurek and {Neilsen}, Eric H., Jr. and {Long}, Dan and {Schneider}, Donald P. and {Snedden}, Stephanie A.},
        title = "{A Catalog of Spectroscopically Confirmed White Dwarfs from the Sloan Digital Sky Survey Data Release 4}",
      journal = {\apjs},
     keywords = {Catalogs, Stars: Subdwarfs, Stars: White Dwarfs, Astrophysics},
         year = 2006,
        month = nov,
       volume = {167},
       number = {1},
        pages = {40-58},
          doi = {10.1086/507110},
archivePrefix = {arXiv},
       eprint = {astro-ph/0606700},
 primaryClass = {astro-ph},
       adsurl = {https://ui.adsabs.harvard.edu/abs/2006ApJS..167...40E},
      adsnote = {Provided by the SAO/NASA Astrophysics Data System}
}



@ARTICLE{Farihi08,
       author = {{Farihi}, J. and {Becklin}, E.~E. and {Zuckerman}, B.},
        title = "{Spitzer IRAC Observations of White Dwarfs. II. Massive Planetary and Cold Brown Dwarf Companions to Young and Old Degenerates}",
      journal = {\apj},
     keywords = {binaries: general, infrared: stars, planetary systems, stars: evolution, stars: low-mass, brown dwarfs, white dwarfs, Astrophysics},
         year = 2008,
        month = jul,
       volume = {681},
       number = {2},
        pages = {1470-1483},
          doi = {10.1086/588726},
archivePrefix = {arXiv},
       eprint = {0804.0237},
 primaryClass = {astro-ph},
       adsurl = {https://ui.adsabs.harvard.edu/abs/2008ApJ...681.1470F},
      adsnote = {Provided by the SAO/NASA Astrophysics Data System}
}


@ARTICLE{Farihi2008dust,
       author = {{Farihi}, J. and {Becklin}, E.~E. and {Zuckerman}, B.},
        title = "{Spitzer IRAC Observations of White Dwarfs. II. Massive Planetary and Cold Brown Dwarf Companions to Young and Old Degenerates}",
      journal = {\apj},
     keywords = {binaries: general, infrared: stars, planetary systems, stars: evolution, stars: low-mass, brown dwarfs, white dwarfs, Astrophysics},
         year = 2008,
        month = jul,
       volume = {681},
       number = {2},
        pages = {1470-1483},
          doi = {10.1086/588726},
archivePrefix = {arXiv},
       eprint = {0804.0237},
 primaryClass = {astro-ph},
       adsurl = {https://ui.adsabs.harvard.edu/abs/2008ApJ...681.1470F},
      adsnote = {Provided by the SAO/NASA Astrophysics Data System}
}


@article{Finklestein22,
       author = {{Finkelstein}, Steven L. and {Bagley}, Micaela B. and {Ferguson}, Henry C. and {Wilkins}, Stephen M. and {Kartaltepe}, Jeyhan S. and {Papovich}, Casey and {Yung}, L.~Y. Aaron and {Arrabal Haro}, Pablo and {Behroozi}, Peter and {Dickinson}, Mark and {Kocevski}, Dale D. and {Koekemoer}, Anton M. and {Larson}, Rebecca L. and {Le Bail}, Aurelien and {Morales}, Alexa M. and {Perez-Gonzalez}, Pablo G. and {Burgarella}, Denis and {Dave}, Romeel and {Hirschmann}, Michaela and {Somerville}, Rachel S. and {Wuyts}, Stijn and {Bromm}, Volker and {Casey}, Caitlin M. and {Fontana}, Adriano and {Fujimoto}, Seiji and {Gardner}, Jonathan P. and {Giavalisco}, Mauro and {Grazian}, Andrea and {Grogin}, Norman A. and {Hathi}, Nimish P. and {Hutchison}, Taylor A. and {Jha}, Saurabh W. and {Jogee}, Shardha and {Kewley}, Lisa J. and {Kirkpatrick}, Allison and {Long}, Arianna S. and {Lotz}, Jennifer M. and {Pentericci}, Laura and {Pierel}, Justin D.~R. and {Pirzkal}, Nor and {Ravindranath}, Swara and {Ryan}, Russell E., Jr and {Trump}, Jonathan R. and {Yang}, Guang and {Bhatawdekar}, Rachana and {Bisigello}, Laura and {Buat}, Veronique and {Calabro}, Antonello and {Castellano}, Marco and {Cleri}, Nikko J. and {Cooper}, M.~C. and {Croton}, Darren and {Daddi}, Emanuele and {Dekel}, Avishai and {Elbaz}, David and {Franco}, Maximilien and {Gawiser}, Eric and {Holwerda}, Benne W. and {Huertas-Company}, Marc and {Jaskot}, Anne E. and {Leung}, Gene C.~K. and {Lucas}, Ray A. and {Mobasher}, Bahram and {Pandya}, Viraj and {Tacchella}, Sandro and {Weiner}, Benjamin J. and {Zavala}, Jorge A.},
        title = "{CEERS Key Paper I: An Early Look into the First 500 Myr of Galaxy Formation with JWST}",
      journal = {arXiv e-prints},
     keywords = {Astrophysics - Astrophysics of Galaxies},
         year = 2022,
        month = nov,
          eid = {arXiv:2211.05792},
        pages = {arXiv:2211.05792},
archivePrefix = {arXiv},
       eprint = {2211.05792},
 primaryClass = {astro-ph.GA},
       adsurl = {https://ui.adsabs.harvard.edu/abs/2022arXiv221105792F},
      adsnote = {Provided by the SAO/NASA Astrophysics Data System}
}

@ARTICLE{Sanderson2022,
       author = {{Sanderson}, Hannah and {Bonsor}, Amy and {Mustill}, Alexander},
        title = "{Can Gaia find planets around white dwarfs?}",
      journal = {\mnras},
     keywords = {astrometry, planets and satellites: detection, white dwarfs, Astrophysics - Earth and Planetary Astrophysics, Astrophysics - Solar and Stellar Astrophysics},
         year = 2022,
        month = dec,
       volume = {517},
       number = {4},
        pages = {5835-5852},
          doi = {10.1093/mnras/stac286710.48550/arXiv.2206.02505},
archivePrefix = {arXiv},
       eprint = {2206.02505},
 primaryClass = {astro-ph.EP},
       adsurl = {https://ui.adsabs.harvard.edu/abs/2022MNRAS.517.5835S},
      adsnote = {Provided by the SAO/NASA Astrophysics Data System}
}

@ARTICLE{GaiaDR3,
       author = {{Gaia Collaboration} and {Vallenari}, A. and {Brown}, A.~G.~A. and {Prusti}, T. and {de Bruijne}, J.~H.~J. and {Arenou}, F. and {Babusiaux}, C. and {Biermann}, M. and {Creevey}, O.~L. and {Ducourant}, C. and {Evans}, D.~W. and {Eyer}, L. and {Guerra}, R. and {Hutton}, A. and {Jordi}, C. and {Klioner}, S.~A. and {Lammers}, U.~L. and {Lindegren}, L. and {Luri}, X. and {Mignard}, F. and {Panem}, C. and {Pourbaix}, D. and {Randich}, S. and {Sartoretti}, P. and {Soubiran}, C. and {Tanga}, P. and {Walton}, N.~A. and {Bailer-Jones}, C.~A.~L. and {Bastian}, U. and {Drimmel}, R. and {Jansen}, F. and {Katz}, D. and {Lattanzi}, M.~G. and {van Leeuwen}, F. and {Bakker}, J. and {Cacciari}, C. and {Casta{\~n}eda}, J. and {De Angeli}, F. and {Fabricius}, C. and {Fouesneau}, M. and {Fr{\'e}mat}, Y. and {Galluccio}, L. and {Guerrier}, A. and {Heiter}, U. and {Masana}, E. and {Messineo}, R. and {Mowlavi}, N. and {Nicolas}, C. and {Nienartowicz}, K. and {Pailler}, F. and {Panuzzo}, P. and {Riclet}, F. and {Roux}, W. and {Seabroke}, G.~M. and {Sordo{\o}rcit}, R. and {Th{\'e}venin}, F. and {Gracia-Abril}, G. and {Portell}, J. and {Teyssier}, D. and {Altmann}, M. and {Andrae}, R. and {Audard}, M. and {Bellas-Velidis}, I. and {Benson}, K. and {Berthier}, J. and {Blomme}, R. and {Burgess}, P.~W. and {Busonero}, D. and {Busso}, G. and {C{\'a}novas}, H. and {Carry}, B. and {Cellino}, A. and {Cheek}, N. and {Clementini}, G. and {Damerdji}, Y. and {Davidson}, M. and {de Teodoro}, P. and {Nu{\~n}ez Campos}, M. and {Delchambre}, L. and {Dell'Oro}, A. and {Esquej}, P. and {Fern{\'a}ndez-Hern{\'a}ndez}, J. and {Fraile}, E. and {Garabato}, D. and {Garc{\'\i}a-Lario}, P. and {Gosset}, E. and {Haigron}, R. and {Halbwachs}, J. -L. and {Hambly}, N.~C. and {Harrison}, D.~L. and {Hern{\'a}ndez}, J. and {Hestroffer}, D. and {Hodgkin}, S.~T. and {Holl}, B. and {Jan{\ss}en}, K. and {Jevardat de Fombelle}, G. and {Jordan}, S. and {Krone-Martins}, A. and {Lanzafame}, A.~C. and {L{\"o}ffler}, W. and {Marchal}, O. and {Marrese}, P.~M. and {Moitinho}, A. and {Muinonen}, K. and {Osborne}, P. and {Pancino}, E. and {Pauwels}, T. and {Recio-Blanco}, A. and {Reyl{\'e}}, C. and {Riello}, M. and {Rimoldini}, L. and {Roegiers}, T. and {Rybizki}, J. and {Sarro}, L.~M. and {Siopis}, C. and {Smith}, M. and {Sozzetti}, A. and {Utrilla}, E. and {van Leeuwen}, M. and {Abbas}, U. and {{\'A}brah{\'a}m}, P. and {Abreu Aramburu}, A. and {Aerts}, C. and {Aguado}, J.~J. and {Ajaj}, M. and {Aldea-Montero}, F. and {Altavilla}, G. and {{\'A}lvarez}, M.~A. and {Alves}, J. and {Anders}, F. and {Anderson}, R.~I. and {Anglada Varela}, E. and {Antoja}, T. and {Baines}, D. and {Baker}, S.~G. and {Balaguer-N{\'u}{\~n}ez}, L. and {Balbinot}, E. and {Balog}, Z. and {Barache}, C. and {Barbato}, D. and {Barros}, M. and {Barstow}, M.~A. and {Bartolom{\'e}}, S. and {Bassilana}, J. -L. and {Bauchet}, N. and {Becciani}, U. and {Bellazzini}, M. and {Berihuete}, A. and {Bernet}, M. and {Bertone}, S. and {Bianchi}, L. and {Binnenfeld}, A. and {Blanco-Cuaresma}, S. and {Blazere}, A. and {Boch}, T. and {Bombrun}, A. and {Bossini}, D. and {Bouquillon}, S. and {Bragaglia}, A. and {Bramante}, L. and {Breedt}, E. and {Bressan}, A. and {Brouillet}, N. and {Brugaletta}, E. and {Bucciarelli}, B. and {Burlacu}, A. and {Butkevich}, A.~G. and {Buzzi}, R. and {Caffau}, E. and {Cancelliere}, R. and {Cantat-Gaudin}, T. and {Carballo}, R. and {Carlucci}, T. and {Carnerero}, M.~I. and {Carrasco}, J.~M. and {Casamiquela}, L. and {Castellani}, M. and {Castro-Ginard}, A. and {Chaoul}, L. and {Charlot}, P. and {Chemin}, L. and {Chiaramida}, V. and {Chiavassa}, A. and {Chornay}, N. and {Comoretto}, G. and {Contursi}, G. and {Cooper}, W.~J. and {Cornez}, T. and {Cowell}, S. and {Crifo}, F. and {Cropper}, M. and {Crosta}, M. and {Crowley}, C. and {Dafonte}, C. and {Dapergolas}, A. and {David}, M. and {David}, P. and {de Laverny}, P. and {De Luise}, F. and {De March}, R. and {De Ridder}, J. and {de Souza}, R. and {de Torres}, A. and {del Peloso}, E.~F. and {del Pozo}, E. and {Delbo}, M. and {Delgado}, A. and {Delisle}, J. -B. and {Demouchy}, C. and {Dharmawardena}, T.~E. and {Di Matteo}, P. and {Diakite}, S. and {Diener}, C. and {Distefano}, E. and {Dolding}, C. and {Edvardsson}, B. and {Enke}, H. and {Fabre}, C. and {Fabrizio}, M. and {Faigler}, S. and {Fedorets}, G. and {Fernique}, P. and {Fienga}, A. and {Figueras}, F. and {Fournier}, Y. and {Fouron}, C. and {Fragkoudi}, F. and {Gai}, M. and {Garcia-Gutierrez}, A. and {Garcia-Reinaldos}, M. and {Garc{\'\i}a-Torres}, M. and {Garofalo}, A. and {Gavel}, A. and {Gavras}, P. and {Gerlach}, E. and {Geyer}, R. and {Giacobbe}, P. and {Gilmore}, G. and {Girona}, S. and {Giuffrida}, G. and {Gomel}, R. and {Gomez}, A. and {Gonz{\'a}lez-N{\'u}{\~n}ez}, J. and {Gonz{\'a}lez-Santamar{\'\i}a}, I. and {Gonz{\'a}lez-Vidal}, J.~J. and {Granvik}, M. and {Guillout}, P. and {Guiraud}, J. and {Guti{\'e}rrez-S{\'a}nchez}, R. and {Guy}, L.~P. and {Hatzidimitriou}, D. and {Hauser}, M. and {Haywood}, M. and {Helmer}, A. and {Helmi}, A. and {Sarmiento}, M.~H. and {Hidalgo}, S.~L. and {Hilger}, T. and {H{\l}adczuk}, N. and {Hobbs}, D. and {Holland}, G. and {Huckle}, H.~E. and {Jardine}, K. and {Jasniewicz}, G. and {Jean-Antoine Piccolo}, A. and {Jim{\'e}nez-Arranz}, {\'O}. and {Jorissen}, A. and {Juaristi Campillo}, J. and {Julbe}, F. and {Karbevska}, L. and {Kervella}, P. and {Khanna}, S. and {Kontizas}, M. and {Kordopatis}, G. and {Korn}, A.~J. and {K{\'o}sp{\'a}l}, {\'A} and {Kostrzewa-Rutkowska}, Z. and {Kruszy{\'n}ska}, K. and {Kun}, M. and {Laizeau}, P. and {Lambert}, S. and {Lanza}, A.~F. and {Lasne}, Y. and {Le Campion}, J. -F. and {Lebreton}, Y. and {Lebzelter}, T. and {Leccia}, S. and {Leclerc}, N. and {Lecoeur-Taibi}, I. and {Liao}, S. and {Licata}, E.~L. and {Lindstr{\o}m}, H.~E.~P. and {Lister}, T.~A. and {Livanou}, E. and {Lobel}, A. and {Lorca}, A. and {Loup}, C. and {Madrero Pardo}, P. and {Magdaleno Romeo}, A. and {Managau}, S. and {Mann}, R.~G. and {Manteiga}, M. and {Marchant}, J.~M. and {Marconi}, M. and {Marcos}, J. and {Marcos Santos}, M.~M.~S. and {Mar{\'\i}n Pina}, D. and {Marinoni}, S. and {Marocco}, F. and {Marshall}, D.~J. and {Polo}, L. Martin and {Mart{\'\i}n-Fleitas}, J.~M. and {Marton}, G. and {Mary}, N. and {Masip}, A. and {Massari}, D. and {Mastrobuono-Battisti}, A. and {Mazeh}, T. and {McMillan}, P.~J. and {Messina}, S. and {Michalik}, D. and {Millar}, N.~R. and {Mints}, A. and {Molina}, D. and {Molinaro}, R. and {Moln{\'a}r}, L. and {Monari}, G. and {Mongui{\'o}}, M. and {Montegriffo}, P. and {Montero}, A. and {Mor}, R. and {Mora}, A. and {Morbidelli}, R. and {Morel}, T. and {Morris}, D. and {Muraveva}, T. and {Murphy}, C.~P. and {Musella}, I. and {Nagy}, Z. and {Noval}, L. and {Oca{\~n}a}, F. and {Ogden}, A. and {Ordenovic}, C. and {Osinde}, J.~O. and {Pagani}, C. and {Pagano}, I. and {Palaversa}, L. and {Palicio}, P.~A. and {Pallas-Quintela}, L. and {Panahi}, A. and {Payne-Wardenaar}, S. and {Pe{\~n}alosa Esteller}, X. and {Penttil{\"a}}, A. and {Pichon}, B. and {Piersimoni}, A.~M. and {Pineau}, F. -X. and {Plachy}, E. and {Plum}, G. and {Poggio}, E. and {Pr{\v{s}}a}, A. and {Pulone}, L. and {Racero}, E. and {Ragaini}, S. and {Rainer}, M. and {Raiteri}, C.~M. and {Rambaux}, N. and {Ramos}, P. and {Ramos-Lerate}, M. and {Re Fiorentin}, P. and {Regibo}, S. and {Richards}, P.~J. and {Rios Diaz}, C. and {Ripepi}, V. and {Riva}, A. and {Rix}, H. -W. and {Rixon}, G. and {Robichon}, N. and {Robin}, A.~C. and {Robin}, C. and {Roelens}, M. and {Rogues}, H.~R.~O. and {Rohrbasser}, L. and {Romero-G{\'o}mez}, M. and {Rowell}, N. and {Royer}, F. and {Ruz Mieres}, D. and {Rybicki}, K.~A. and {Sadowski}, G. and {S{\'a}ez N{\'u}{\~n}ez}, A. and {Sagrist{\`a} Sell{\'e}s}, A. and {Sahlmann}, J. and {Salguero}, E. and {Samaras}, N. and {Sanchez Gimenez}, V. and {Sanna}, N. and {Santove{\~n}a}, R. and {Sarasso}, M. and {Schultheis}, M. and {Sciacca}, E. and {Segol}, M. and {Segovia}, J.~C. and {S{\'e}gransan}, D. and {Semeux}, D. and {Shahaf}, S. and {Siddiqui}, H.~I. and {Siebert}, A. and {Siltala}, L. and {Silvelo}, A. and {Slezak}, E. and {Slezak}, I. and {Smart}, R.~L. and {Snaith}, O.~N. and {Solano}, E. and {Solitro}, F. and {Souami}, D. and {Souchay}, J. and {Spagna}, A. and {Spina}, L. and {Spoto}, F. and {Steele}, I.~A. and {Steidelm{\"u}ller}, H. and {Stephenson}, C.~A. and {S{\"u}veges}, M. and {Surdej}, J. and {Szabados}, L. and {Szegedi-Elek}, E. and {Taris}, F. and {Taylo}, M.~B. and {Teixeira}, R. and {Tolomei}, L. and {Tonello}, N. and {Torra}, F. and {Torra}, J. and {Torralba Elipe}, G. and {Trabucchi}, M. and {Tsounis}, A.~T. and {Turon}, C. and {Ulla}, A. and {Unger}, N. and {Vaillant}, M.~V. and {van Dillen}, E. and {van Reeven}, W. and {Vanel}, O. and {Vecchiato}, A. and {Viala}, Y. and {Vicente}, D. and {Voutsinas}, S. and {Weiler}, M. and {Wevers}, T. and {Wyrzykowski}, L. and {Yoldas}, A. and {Yvard}, P. and {Zhao}, H. and {Zorec}, J. and {Zucker}, S. and {Zwitter}, T.},
        title = "{Gaia Data Release 3: Summary of the content and survey properties}",
      journal = {arXiv e-prints},
     keywords = {Astrophysics - Astrophysics of Galaxies},
         year = 2022,
        month = jul,
          eid = {arXiv:2208.00211},
        pages = {arXiv:2208.00211},
archivePrefix = {arXiv},
       eprint = {2208.00211},
 primaryClass = {astro-ph.GA},
       adsurl = {https://ui.adsabs.harvard.edu/abs/2022arXiv220800211G},
      adsnote = {Provided by the SAO/NASA Astrophysics Data System}
}



@ARTICLE{Glasse15,
       author = {{Glasse}, Alistair and {Rieke}, G.~H. and {Bauwens}, E. and {Garc{\'\i}a-Mar{\'\i}n}, Macarena and {Ressler}, M.~E. and {Rost}, Steffen and {Tikkanen}, T.~V. and {Vandenbussche}, B. and {Wright}, G.~S.},
        title = "{The Mid-Infrared Instrument for the James Webb Space Telescope, IX: Predicted Sensitivity}",
      journal = {\pasp},
     keywords = {Astrophysics - Instrumentation and Methods for Astrophysics},
         year = 2015,
        month = jul,
       volume = {127},
       number = {953},
        pages = {686},
          doi = {10.1086/682259},
archivePrefix = {arXiv},
       eprint = {1508.02427},
 primaryClass = {astro-ph.IM},
       adsurl = {https://ui.adsabs.harvard.edu/abs/2015PASP..127..686G},
      adsnote = {Provided by the SAO/NASA Astrophysics Data System}
}




@ARTICLE{Hogan2009,
       author = {{Hogan}, E. and {Burleigh}, M.~R. and {Clarke}, F.~J.},
        title = "{The DODO survey - II. A Gemini direct imaging search for substellar and planetary mass companions around nearby equatorial and Northern hemisphere white dwarfs}",
      journal = {\mnras},
     keywords = {stars: imaging, stars: low mass, brown dwarfs, planetary systems, white dwarfs, Astrophysics - Earth and Planetary Astrophysics, Astrophysics - Solar and Stellar Astrophysics},
         year = 2009,
        month = jul,
       volume = {396},
       number = {4},
        pages = {2074-2086},
          doi = {10.1111/j.1365-2966.2009.14565.x},
archivePrefix = {arXiv},
       eprint = {0901.0532},
 primaryClass = {astro-ph.EP},
       adsurl = {https://ui.adsabs.harvard.edu/abs/2009MNRAS.396.2074H},
      adsnote = {Provided by the SAO/NASA Astrophysics Data System}
}

@ARTICLE{Burleigh2008,
       author = {{Burleigh}, M.~R. and {Clarke}, F.~J. and {Hogan}, E. and {Brinkworth}, C.~S. and {Bergeron}, P. and {Dufour}, P. and {Dobbie}, P.~D. and {Levan}, A.~J. and {Hodgkin}, S.~T. and {Hoard}, D.~W. and {Wachter}, S.},
        title = "{The `DODO' survey - I. Limits on ultra-cool substellar and planetary-mass companions to van Maanen's star (vMa2)}",
      journal = {\mnras},
     keywords = {stars: low-mass, brown dwarfs, planetary systems, white dwarfs, infrared: stars, Astrophysics},
         year = 2008,
        month = may,
       volume = {386},
       number = {1},
        pages = {L5-L9},
          doi = {10.1111/j.1745-3933.2008.00446.x},
archivePrefix = {arXiv},
       eprint = {0801.2917},
 primaryClass = {astro-ph},
       adsurl = {https://ui.adsabs.harvard.edu/abs/2008MNRAS.386L...5B},
      adsnote = {Provided by the SAO/NASA Astrophysics Data System}
}


@ARTICLE{Johnson2011,
       author = {{Johnson}, John Asher and {Clanton}, Christian and {Howard}, Andrew W. and {Bowler}, Brendan P. and {Henry}, Gregory W. and {Marcy}, Geoffrey W. and {Crepp}, Justin R. and {Endl}, Michael and {Cochran}, William D. and {MacQueen}, Phillip J. and {Wright}, Jason T. and {Isaacson}, Howard},
        title = "{Retired A Stars and Their Companions. VII. 18 New Jovian Planets}",
      journal = {\apjs},
     keywords = {binaries: spectroscopic, planetary systems, techniques: photometric, techniques: radial velocities, Astrophysics - Earth and Planetary Astrophysics, Astrophysics - Solar and Stellar Astrophysics},
         year = 2011,
        month = dec,
       volume = {197},
       number = {2},
          eid = {26},
        pages = {26},
          doi = {10.1088/0067-0049/197/2/26},
archivePrefix = {arXiv},
       eprint = {1108.4205},
 primaryClass = {astro-ph.EP},
       adsurl = {https://ui.adsabs.harvard.edu/abs/2011ApJS..197...26J},
      adsnote = {Provided by the SAO/NASA Astrophysics Data System}
}


@ARTICLE{Jura03,
       author = {{Jura}, M.},
        title = "{A Tidally Disrupted Asteroid around the White Dwarf G29-38}",
      journal = {\apjl},
     keywords = {Stars: Circumstellar Matter, Stars: White Dwarfs, Astrophysics},
         year = 2003,
        month = feb,
       volume = {584},
       number = {2},
        pages = {L91-L94},
          doi = {10.1086/374036},
archivePrefix = {arXiv},
       eprint = {astro-ph/0301411},
 primaryClass = {astro-ph},
       adsurl = {https://ui.adsabs.harvard.edu/abs/2003ApJ...584L..91J},
      adsnote = {Provided by the SAO/NASA Astrophysics Data System}
}

@ARTICLE{Jura07,
       author = {{Jura}, M. and {Farihi}, J. and {Zuckerman}, B.},
        title = "{Externally Polluted White Dwarfs with Dust Disks}",
      journal = {\apj},
     keywords = {Stars: Circumstellar Matter, Minor Planets, Asteroids, Stars: White Dwarfs, Astrophysics},
         year = 2007,
        month = jul,
       volume = {663},
       number = {2},
        pages = {1285-1290},
          doi = {10.1086/518767},
archivePrefix = {arXiv},
       eprint = {0704.1170},
 primaryClass = {astro-ph},
       adsurl = {https://ui.adsabs.harvard.edu/abs/2007ApJ...663.1285J},
      adsnote = {Provided by the SAO/NASA Astrophysics Data System}
}


@ARTICLE{Jura98,
       author = {{Jura}, M. and {Turner}, J.},
        title = "{A mysterious dust clump in a disk around an evolved binary star system}",
      journal = {\nat},
         year = 1998,
        month = sep,
       volume = {395},
       number = {6698},
        pages = {144-145},
          doi = {10.1038/25938},
       adsurl = {https://ui.adsabs.harvard.edu/abs/1998Natur.395..144J},
      adsnote = {Provided by the SAO/NASA Astrophysics Data System}
}


@ARTICLE{Linder19,
       author = {{Linder}, Esther F. and {Mordasini}, Christoph and {Molli{\`e}re}, Paul and {Marleau}, Gabriel-Dominique and {Malik}, Matej and {Quanz}, Sascha P. and {Meyer}, Michael R.},
        title = "{Evolutionary models of cold and low-mass planets: cooling curves, magnitudes, and detectability}",
      journal = {\aap},
     keywords = {planets and satellites: physical evolution, planets and satellites: atmospheres, planets and satellites: detection, Astrophysics - Earth and Planetary Astrophysics},
         year = 2019,
        month = mar,
       volume = {623},
          eid = {A85},
        pages = {A85},
          doi = {10.1051/0004-6361/201833873},
archivePrefix = {arXiv},
       eprint = {1812.02027},
 primaryClass = {astro-ph.EP},
       adsurl = {https://ui.adsabs.harvard.edu/abs/2019A&A...623A..85L},
      adsnote = {Provided by the SAO/NASA Astrophysics Data System}
}


@INPROCEEDINGS{Marchis08,
       author = {{Marchis}, F. and {Baek}, M. and {Emery}, J.~P. and {Michalowski}, T. and {Pollock}, J. and {Berthier}, J. and {Descamps}, P. and {Macomber}, B. and {Velichko}, F.},
        title = "{Survey of Binary Asteroid Systems with Spitzer/IRS}",
    booktitle = {Asteroids, Comets, Meteors 2008},
         year = 2008,
       editor = {{LPI Editorial Board}},
       series = {LPI Contributions},
       volume = {1405},
        month = jan,
          eid = {8171},
        pages = {8171},
       adsurl = {https://ui.adsabs.harvard.edu/abs/2008LPICo1405.8171M},
      adsnote = {Provided by the SAO/NASA Astrophysics Data System}
}


@ARTICLE{Marchis12,
       author = {{Marchis}, F. and {Enriquez}, J.~E. and {Emery}, J.~P. and {Mueller}, M. and {Baek}, M. and {Pollock}, J. and {Assafin}, M. and {Vieira Martins}, R. and {Berthier}, J. and {Vachier}, F. and {Cruikshank}, D.~P. and {Lim}, L.~F. and {Reichart}, D.~E. and {Ivarsen}, K.~M. and {Haislip}, J.~B. and {LaCluyze}, A.~P.},
        title = "{Multiple asteroid systems: Dimensions and thermal properties from Spitzer Space Telescope and ground-based observations}",
      journal = {\icarus},
     keywords = {Astrophysics - Earth and Planetary Astrophysics},
         year = 2012,
        month = nov,
       volume = {221},
       number = {2},
        pages = {1130-1161},
          doi = {10.1016/j.icarus.2012.09.013},
archivePrefix = {arXiv},
       eprint = {1604.05384},
 primaryClass = {astro-ph.EP},
       adsurl = {https://ui.adsabs.harvard.edu/abs/2012Icar..221.1130M},
      adsnote = {Provided by the SAO/NASA Astrophysics Data System}
}




@PHDTHESIS{Mullally2007thesis,
       author = {{Mullally}, Fergal Robert},
        title = "{Substellar companions to white dwarves}",
     keywords = {White dwarf stars, Extrasolar planets, Brown dwarf stars, Planetary mass companions, Accretion, Low-mass objects},
       school = {The University of Texas at Austin},
         year = 2007,
        month = aug,
       adsurl = {https://ui.adsabs.harvard.edu/abs/2007PhDT........14M},
      adsnote = {Provided by the SAO/NASA Astrophysics Data System}
}

@ARTICLE{Mullally09,
   author = {{Mullally}, F. and {Reach}, W.~T. and {Degennaro}, S. and {Burrows}, A.
	},
    title = "{Spitzer Planet Limits Around the Pulsating White Dwarf GD66}",
  journal = {\apj},
archivePrefix = "arXiv",
   eprint = {0812.2951},
 keywords = {infrared: stars, planetary systems, stars: oscillations, white dwarfs },
     year = 2009,
    month = mar,
   volume = 694,
    pages = {327-331},
      doi = {10.1088/0004-637X/694/1/327},
   adsurl = {http://adsabs.harvard.edu/abs/2009ApJ...694..327M},
  adsnote = {Provided by the SAO/NASA Astrophysics Data System}
}


@INPROCEEDINGS{Dufour17,
       author = {{Dufour}, P. and {Blouin}, S. and {Coutu}, S. and {Fortin-Archambault}, M. and {Thibeault}, C. and {Bergeron}, P. and {Fontaine}, G.},
        title = "{The Montreal White Dwarf Database: A Tool for the Community}",
     keywords = {Astrophysics - Solar and Stellar Astrophysics, Astrophysics - Instrumentation and Methods for Astrophysics},
    booktitle = {20th European White Dwarf Workshop},
         year = 2017,
       editor = {{Tremblay}, P. -E. and {Gaensicke}, B. and {Marsh}, T.},
       series = {Astronomical Society of the Pacific Conference Series},
       volume = {509},
        month = mar,
        pages = {3},
archivePrefix = {arXiv},
       eprint = {1610.00986},
 primaryClass = {astro-ph.SR},
       adsurl = {https://ui.adsabs.harvard.edu/abs/2017ASPC..509....3D},
      adsnote = {Provided by the SAO/NASA Astrophysics Data System}
}



@ARTICLE{Kepler07,
       author = {{Kepler}, S.~O. and {Kleinman}, S.~J. and {Nitta}, A. and {Koester}, D. and {Castanheira}, B.~G. and {Giovannini}, O. and {Costa}, A.~F.~M. and {Althaus}, L.},
        title = "{White dwarf mass distribution in the SDSS}",
      journal = {\mnras},
     keywords = {white dwarfs, Astrophysics},
         year = 2007,
        month = mar,
       volume = {375},
       number = {4},
        pages = {1315-1324},
          doi = {10.1111/j.1365-2966.2006.11388.x},
archivePrefix = {arXiv},
       eprint = {astro-ph/0612277},
 primaryClass = {astro-ph},
       adsurl = {https://ui.adsabs.harvard.edu/abs/2007MNRAS.375.1315K},
      adsnote = {Provided by the SAO/NASA Astrophysics Data System}
}


@ARTICLE{Veras2016,
       author = {{Veras}, Dimitri},
        title = "{The fates of Solar system analogues with one additional distant planet}",
      journal = {\mnras},
     keywords = {methods: numerical, celestial mechanics, Sun: evolution, planets and satellites: dynamical evolution and stability, stars: AGB and post-AGB, white dwarfs, Astrophysics - Earth and Planetary Astrophysics, Astrophysics - Solar and Stellar Astrophysics},
         year = 2016,
        month = dec,
       volume = {463},
       number = {3},
        pages = {2958-2971},
          doi = {10.1093/mnras/stw2170},
archivePrefix = {arXiv},
       eprint = {1608.07580},
 primaryClass = {astro-ph.EP},
       adsurl = {https://ui.adsabs.harvard.edu/abs/2016MNRAS.463.2958V},
      adsnote = {Provided by the SAO/NASA Astrophysics Data System}
}



@ARTICLE{Agol2011,
       author = {{Agol}, Eric},
        title = "{Transit Surveys for Earths in the Habitable Zones of White Dwarfs}",
      journal = {\apjl},
     keywords = {astrobiology, binaries: eclipsing, eclipses, planetary systems, planets and satellites: detection, white dwarfs, Astrophysics - Earth and Planetary Astrophysics, Astrophysics - Instrumentation and Methods for Astrophysics, Astrophysics - Solar and Stellar Astrophysics},
         year = 2011,
        month = apr,
       volume = {731},
       number = {2},
          eid = {L31},
        pages = {L31},
          doi = {10.1088/2041-8205/731/2/L31},
archivePrefix = {arXiv},
       eprint = {1103.2791},
 primaryClass = {astro-ph.EP},
       adsurl = {https://ui.adsabs.harvard.edu/abs/2011ApJ...731L..31A},
      adsnote = {Provided by the SAO/NASA Astrophysics Data System}
}

@ARTICLE{Debes2002,
       author = {{Debes}, John H. and {Sigurdsson}, Steinn},
        title = "{Are There Unstable Planetary Systems around White Dwarfs?}",
      journal = {\apj},
     keywords = {Stars: Planetary Systems: Formation, Stars: Evolution, Stars: Mass Loss, Stars: White Dwarfs, Astrophysics},
         year = 2002,
        month = jun,
       volume = {572},
       number = {1},
        pages = {556-565},
          doi = {10.1086/340291},
archivePrefix = {arXiv},
       eprint = {astro-ph/0202273},
 primaryClass = {astro-ph},
       adsurl = {https://ui.adsabs.harvard.edu/abs/2002ApJ...572..556D},
      adsnote = {Provided by the SAO/NASA Astrophysics Data System}
}


@ARTICLE{Gansicke2006Sci,
       author = {{G{\"a}nsicke}, B.~T. and {Marsh}, T.~R. and {Southworth}, J. and
         {Rebassa-Mansergas}, A.},
        title = "{A Gaseous Metal Disk Around a White Dwarf}",
      journal = {Science},
     keywords = {ASTRONOMY, Astrophysics},
         year = 2006,
        month = dec,
       volume = {314},
       number = {5807},
        pages = {1908},
          doi = {10.1126/science.1135033},
archivePrefix = {arXiv},
       eprint = {astro-ph/0612697},
 primaryClass = {astro-ph},
       adsurl = {https://ui.adsabs.harvard.edu/abs/2006Sci...314.1908G},
      adsnote = {Provided by the SAO/NASA Astrophysics Data System}
}

@ARTICLE{Veras2019tidalcirc,
       author = {{Veras}, Dimitri and {Fuller}, Jim},
        title = "{Tidal circularization of gaseous planets orbiting white dwarfs}",
      journal = {\mnras},
     keywords = {methods: numerical, celestial mechanics, planets and satellites: detection, planets and satellites: dynamical evolution and stability, planet-star interactions, white dwarfs, Astrophysics - Earth and Planetary Astrophysics, Astrophysics - Solar and Stellar Astrophysics},
         year = 2019,
        month = oct,
       volume = {489},
       number = {2},
        pages = {2941-2953},
          doi = {10.1093/mnras/stz2339},
archivePrefix = {arXiv},
       eprint = {1908.08052},
 primaryClass = {astro-ph.EP},
       adsurl = {https://ui.adsabs.harvard.edu/abs/2019MNRAS.489.2941V},
      adsnote = {Provided by the SAO/NASA Astrophysics Data System}
}
@ARTICLE{VerasFuller2020wdj0914,
       author = {{Veras}, Dimitri and {Fuller}, Jim},
        title = "{The dynamical history of the evaporating or disrupted ice giant planet around white dwarf WD J0914+1914}",
      journal = {\mnras},
     keywords = {methods: numerical, celestial mechanics, planets and satellites: detection, planets and satellites: dynamical evolution and stability, planet-star interactions, white dwarfs, Astrophysics - Earth and Planetary Astrophysics, Astrophysics - Solar and Stellar Astrophysics},
         year = 2020,
        month = mar,
       volume = {492},
       number = {4},
        pages = {6059-6066},
          doi = {10.1093/mnras/staa309},
archivePrefix = {arXiv},
       eprint = {1912.02199},
 primaryClass = {astro-ph.EP},
       adsurl = {https://ui.adsabs.harvard.edu/abs/2020MNRAS.492.6059V},
      adsnote = {Provided by the SAO/NASA Astrophysics Data System}
}

@ARTICLE{Veras2016MNRAS.463.2958V,
       author = {{Veras}, Dimitri},
        title = "{The fates of Solar system analogues with one additional distant planet}",
      journal = {\mnras},
     keywords = {methods: numerical, celestial mechanics, Sun: evolution, planets and satellites: dynamical evolution and stability, stars: AGB and post-AGB, white dwarfs, Astrophysics - Earth and Planetary Astrophysics, Astrophysics - Solar and Stellar Astrophysics},
         year = 2016,
        month = dec,
       volume = {463},
       number = {3},
        pages = {2958-2971},
          doi = {10.1093/mnras/stw2170},
archivePrefix = {arXiv},
       eprint = {1608.07580},
 primaryClass = {astro-ph.EP},
       adsurl = {https://ui.adsabs.harvard.edu/abs/2016MNRAS.463.2958V},
      adsnote = {Provided by the SAO/NASA Astrophysics Data System}
}




@ARTICLE{VillaverLivio2007,
       author = {{Villaver}, Eva and {Livio}, Mario},
        title = "{Can Planets Survive Stellar Evolution?}",
      journal = {\apj},
     keywords = {Stars: Planetary Systems, Stars: AGB and Post-AGB, Stars: White Dwarfs, Astrophysics},
         year = 2007,
        month = jun,
       volume = {661},
       number = {2},
        pages = {1192-1201},
          doi = {10.1086/516746},
archivePrefix = {arXiv},
       eprint = {astro-ph/0702724},
 primaryClass = {astro-ph},
       adsurl = {https://ui.adsabs.harvard.edu/abs/2007ApJ...661.1192V},
      adsnote = {Provided by the SAO/NASA Astrophysics Data System}
}

@ARTICLE{Reach2005,
       author = {{Reach}, William T. and {Kuchner}, Marc J. and {von Hippel}, Ted and
         {Burrows}, Adam and {Mullally}, Fergal and {Kilic}, Mukremin and
         {Winget}, D.~E.},
        title = "{The Dust Cloud around the White Dwarf G29-38}",
      journal = {\apjl},
     keywords = {Infrared: Stars, Stars: Individual: Alphanumeric: G29-38, stars: individual (WD 2326+049), Stars: White Dwarfs, Astrophysics},
         year = 2005,
        month = dec,
       volume = {635},
       number = {2},
        pages = {L161-L164},
          doi = {10.1086/499561},
archivePrefix = {arXiv},
       eprint = {astro-ph/0511358},
 primaryClass = {astro-ph},
       adsurl = {https://ui.adsabs.harvard.edu/abs/2005ApJ...635L.161R},
      adsnote = {Provided by the SAO/NASA Astrophysics Data System}
}

@ARTICLE{Kilic2008,
       author = {{Kilic}, Mukremin and {Kowalski}, Piotr M. and {Mullally}, Fergal and
         {Reach}, William T. and {von Hippel}, Ted},
        title = "{The First Mid-Infrared Spectra of Cool White Dwarfs}",
      journal = {\apj},
     keywords = {infrared: stars, stars: individual: WD 0018─267 WD 0038─226 LHS 1126, white dwarfs, Astrophysics},
         year = 2008,
        month = may,
       volume = {678},
       number = {2},
        pages = {1298-1303},
          doi = {10.1086/528705},
archivePrefix = {arXiv},
       eprint = {0712.2461},
 primaryClass = {astro-ph},
       adsurl = {https://ui.adsabs.harvard.edu/abs/2008ApJ...678.1298K},
      adsnote = {Provided by the SAO/NASA Astrophysics Data System}
}

@ARTICLE{Mullally2008,
       author = {{Mullally}, Fergal and {Winget}, D.~E. and {Degennaro}, Steven and
         {Jeffery}, Elizabeth and {Thompson}, S.~E. and {Chandler}, Dean and
         {Kepler}, S.~O.},
        title = "{Limits on Planets around Pulsating White Dwarf Stars}",
      journal = {\apj},
     keywords = {planetary systems, white dwarfs},
         year = 2008,
        month = mar,
       volume = {676},
       number = {1},
        pages = {573-583},
          doi = {10.1086/528672},
       adsurl = {https://ui.adsabs.harvard.edu/abs/2008ApJ...676..573M},
      adsnote = {Provided by the SAO/NASA Astrophysics Data System}
}

@INPROCEEDINGS{Lisse2008AGUFM,
       author = {{Lisse}, C.~M. and {Weaver}, H.~A. and {Turtle}, E.~P. and
         {Hibbitts}, C.~A. and {Perry}, M.~E.},
        title = "{Comparing Enceladus to Comets: Implications for Enceladus' Activity}",
     keywords = {6008 Composition (1060), 6040 Origin and evolution, 6063 Volcanism (5480, 8450), 6280 Saturnian satellites},
    booktitle = {AGU Fall Meeting Abstracts},
         year = 2008,
       volume = {2008},
        month = dec,
          eid = {P23B-1367},
        pages = {P23B-1367},
       adsurl = {https://ui.adsabs.harvard.edu/abs/2008AGUFM.P23B1367L},
      adsnote = {Provided by the SAO/NASA Astrophysics Data System}
}

@ARTICLE{Reach2009,
       author = {{Reach}, William T. and {Lisse}, Carey and {von Hippel}, Ted and
         {Mullally}, Fergal},
        title = "{The Dust Cloud around the White Dwarf G 29-38. II. Spectrum from 5 to 40 {\ensuremath{\mu}}m and Mid-Infrared Photometric Variability}",
      journal = {\apj},
     keywords = {infrared: stars, stars: individual: G29-38 WD 2326+049, white dwarfs, Astrophysics},
         year = 2009,
        month = mar,
       volume = {693},
       number = {1},
        pages = {697-712},
          doi = {10.1088/0004-637X/693/1/697},
archivePrefix = {arXiv},
       eprint = {0810.3276},
 primaryClass = {astro-ph},
       adsurl = {https://ui.adsabs.harvard.edu/abs/2009ApJ...693..697R},
      adsnote = {Provided by the SAO/NASA Astrophysics Data System}
}


@ARTICLE{Zuckerman2003metalLines,
       author = {{Zuckerman}, B. and {Koester}, D. and {Reid}, I.~N. and {H{\"u}nsch}, M.},
        title = "{Metal Lines in DA White Dwarfs}",
      journal = {\apj},
     keywords = {Accretion, Accretion Disks, Comets: General, Stars: Abundances, Stars: White Dwarfs},
         year = 2003,
        month = oct,
       volume = {596},
       number = {1},
        pages = {477-495},
          doi = {10.1086/377492},
       adsurl = {https://ui.adsabs.harvard.edu/abs/2003ApJ...596..477Z},
      adsnote = {Provided by the SAO/NASA Astrophysics Data System}
}

@ARTICLE{Farihi2010,
       author = {{Farihi}, J. and {Barstow}, M.~A. and {Redfield}, S. and {Dufour}, P. and
         {Hambly}, N.~C.},
        title = "{Rocky planetesimals as the origin of metals in DZ stars}",
      journal = {\mnras},
     keywords = {minor planets, asteroids, circumstellar matter, stars: abundances, stars: chemically peculiar, planetary systems, white dwarfs, Astrophysics - Earth and Planetary Astrophysics, Astrophysics - Solar and Stellar Astrophysics},
         year = 2010,
        month = jun,
       volume = {404},
       number = {4},
        pages = {2123-2135},
          doi = {10.1111/j.1365-2966.2010.16426.x},
archivePrefix = {arXiv},
       eprint = {1001.5025},
 primaryClass = {astro-ph.EP},
       adsurl = {https://ui.adsabs.harvard.edu/abs/2010MNRAS.404.2123F},
      adsnote = {Provided by the SAO/NASA Astrophysics Data System}
}

@ARTICLE{Vanderburg2015disintegrating,
       author = {{Vanderburg}, Andrew and {Johnson}, John Asher and {Rappaport}, Saul and
         {Bieryla}, Allyson and {Irwin}, Jonathan and {Lewis}, John Arban and
         {Kipping}, David and {Brown}, Warren R. and {Dufour}, Patrick and
         {Ciardi}, David R. and {Angus}, Ruth and {Schaefer}, Laura and
         {Latham}, David W. and {Charbonneau}, David and {Beichman}, Charles and
         {Eastman}, Jason and {McCrady}, Nate and {Wittenmyer}, Robert A. and
         {Wright}, Jason T.},
        title = "{A disintegrating minor planet transiting a white dwarf}",
      journal = {\nat},
     keywords = {Astrophysics - Earth and Planetary Astrophysics, Astrophysics - Solar and Stellar Astrophysics},
         year = 2015,
        month = oct,
       volume = {526},
       number = {7574},
        pages = {546-549},
          doi = {10.1038/nature15527},
archivePrefix = {arXiv},
       eprint = {1510.06387},
 primaryClass = {astro-ph.EP},
       adsurl = {https://ui.adsabs.harvard.edu/abs/2015Natur.526..546V},
      adsnote = {Provided by the SAO/NASA Astrophysics Data System}
}

@ARTICLE{Koester1997,
       author = {{Koester}, D. and {Provencal}, J. and {Shipman}, H.~L.},
        title = "{Metals in the variable DA G29-38}",
      journal = {\aap},
     keywords = {STARS: WHITE DWARFS, STARS: ABUNDANCES, STARS: INDIVIDUAL: G 29-38},
         year = 1997,
        month = apr,
       volume = {320},
        pages = {L57-L59},
       adsurl = {https://ui.adsabs.harvard.edu/abs/1997A&A...320L..57K},
      adsnote = {Provided by the SAO/NASA Astrophysics Data System}
}
@ARTICLE{Koester2009diffusion,
       author = {{Koester}, D.},
        title = "{Accretion and diffusion in white dwarfs. New diffusion timescales and applications to GD 362 and G 29-38}",
      journal = {\aap},
     keywords = {stars: white dwarfs, stars: abundances, accretion, accretion disks, diffusion, Astrophysics - Solar and Stellar Astrophysics},
         year = 2009,
        month = may,
       volume = {498},
       number = {2},
        pages = {517-525},
          doi = {10.1051/0004-6361/200811468},
archivePrefix = {arXiv},
       eprint = {0903.1499},
 primaryClass = {astro-ph.SR},
       adsurl = {https://ui.adsabs.harvard.edu/abs/2009A&A...498..517K},
      adsnote = {Provided by the SAO/NASA Astrophysics Data System}
}

@ARTICLE{Koester2014,
       author = {{Koester}, D. and {G{\"a}nsicke}, B.~T. and {Farihi}, J.},
        title = "{The frequency of planetary debris around young white dwarfs}",
      journal = {\aap},
     keywords = {white dwarfs, stars: atmospheres, stars: abundances, circumstellar matter, planetary systems, Astrophysics - Solar and Stellar Astrophysics},
         year = 2014,
        month = jun,
       volume = {566},
          eid = {A34},
        pages = {A34},
          doi = {10.1051/0004-6361/201423691},
archivePrefix = {arXiv},
       eprint = {1404.2617},
 primaryClass = {astro-ph.SR},
       adsurl = {https://ui.adsabs.harvard.edu/abs/2014A&A...566A..34K},
      adsnote = {Provided by the SAO/NASA Astrophysics Data System}
}

@ARTICLE{Xu2019,
       author = {{Xu}, Siyi and {Dufour}, Patrick and {Klein}, Beth and {Melis}, Carl and {Monson}, Nathaniel N. and {Zuckerman}, B. and {Young}, Edward D. and {Jura}, Michael A.},
        title = "{Compositions of Planetary Debris around Dusty White Dwarfs}",
      journal = {\aj},
     keywords = {White dwarf stars, Chemical abundances, Circumstellar disks, Minor planets, 1799, 224, 235, 1065, Astrophysics - Solar and Stellar Astrophysics, Astrophysics - Earth and Planetary Astrophysics},
         year = 2019,
        month = dec,
       volume = {158},
       number = {6},
          eid = {242},
        pages = {242},
          doi = {10.3847/1538-3881/ab4cee},
archivePrefix = {arXiv},
       eprint = {1910.07197},
 primaryClass = {astro-ph.SR},
       adsurl = {https://ui.adsabs.harvard.edu/abs/2019AJ....158..242X},
      adsnote = {Provided by the SAO/NASA Astrophysics Data System}
}



@ARTICLE{Debes2005G29-38,
       author = {{Debes}, John H. and {Sigurdsson}, Steinn and {Woodgate}, Bruce E.},
        title = "{Cool Customers in the Stellar Graveyard. I. Limits to Extrasolar Planets Around the White Dwarf G29-38}",
      journal = {\apj},
     keywords = {Stars: Circumstellar Matter, Stars: Planetary Systems, Stars: Individual: Alphanumeric: G29-38, Stars: White Dwarfs, Astrophysics},
         year = 2005,
        month = nov,
       volume = {633},
       number = {2},
        pages = {1168-1174},
          doi = {10.1086/491640},
archivePrefix = {arXiv},
       eprint = {astro-ph/0412668},
 primaryClass = {astro-ph},
       adsurl = {https://ui.adsabs.harvard.edu/abs/2005ApJ...633.1168D},
      adsnote = {Provided by the SAO/NASA Astrophysics Data System}
}
@ARTICLE{Debes2005II,
       author = {{Debes}, John H. and {Sigurdsson}, Steinn and {Woodgate}, Bruce E.},
        title = "{Cool Customers in the Stellar Graveyard. II. Limits to Substellar Objects around Nearby DAZ White Dwarfs}",
      journal = {\aj},
     keywords = {Stars: Circumstellar Matter, Infrared: Stars, Stars: Planetary Systems, Stars: Low-Mass, Brown Dwarfs, Stars: White Dwarfs, Astrophysics},
         year = 2005,
        month = sep,
       volume = {130},
       number = {3},
        pages = {1221-1230},
          doi = {10.1086/432660},
archivePrefix = {arXiv},
       eprint = {astro-ph/0412669},
 primaryClass = {astro-ph},
       adsurl = {https://ui.adsabs.harvard.edu/abs/2005AJ....130.1221D},
      adsnote = {Provided by the SAO/NASA Astrophysics Data System}
}


@ARTICLE{Dupuis1992,
       author = {{Dupuis}, J. and {Fontaine}, G. and {Pelletier}, C. and {Wesemael}, F.},
        title = "{A Study of Metal Abundance Patterns in Cool White Dwarfs. I. Time-dependent Calculations of Gravitational Settling}",
      journal = {\apjs},
     keywords = {Abundance, Cool Stars, Gravitational Effects, Metallicity, White Dwarf Stars, Heavy Elements, Stellar Evolution, Stellar Models, Astrophysics, DIFFUSION, STARS: ABUNDANCES, STARS: WHITE DWARFS},
         year = 1992,
        month = oct,
       volume = {82},
        pages = {505},
          doi = {10.1086/191728},
       adsurl = {https://ui.adsabs.harvard.edu/abs/1992ApJS...82..505D},
      adsnote = {Provided by the SAO/NASA Astrophysics Data System}
}

@ARTICLE{Dupuis1993,
       author = {{Dupuis}, J. and {Fontaine}, G. and {Pelletier}, C. and {Wesemael}, F.},
        title = "{A Study of Metal Abundance Patterns in Cool White Dwarfs. II. Simulations of Accretion Episodes}",
      journal = {\apjs},
     keywords = {Abundance, Cool Stars, Metallicity, Stellar Mass Accretion, White Dwarf Stars, Computational Astrophysics, Stellar Envelopes, Stellar Models, Astrophysics, STARS: ABUNDANCES, STARS: INTERIORS, STARS: WHITE DWARFS},
         year = 1993,
        month = jan,
       volume = {84},
        pages = {73},
          doi = {10.1086/191746},
       adsurl = {https://ui.adsabs.harvard.edu/abs/1993ApJS...84...73D},
      adsnote = {Provided by the SAO/NASA Astrophysics Data System}
}

@ARTICLE{KoesterWilken2006,
       author = {{Koester}, D. and {Wilken}, D.},
        title = "{The accretion-diffusion scenario for metals in cool white dwarfs}",
      journal = {\aap},
     keywords = {stars: white dwarfs, stars: abundances, Astrophysics},
         year = 2006,
        month = jul,
       volume = {453},
       number = {3},
        pages = {1051-1057},
          doi = {10.1051/0004-6361:20064843},
archivePrefix = {arXiv},
       eprint = {astro-ph/0603185},
 primaryClass = {astro-ph},
       adsurl = {https://ui.adsabs.harvard.edu/abs/2006A&A...453.1051K},
      adsnote = {Provided by the SAO/NASA Astrophysics Data System}
}

@ARTICLE{Wood92,
       author = {{Wood}, M.~A.},
        title = "{Constraints on the Age and Evolution of the Galaxy from the White Dwarf Luminosity Function}",
      journal = {\apj},
     keywords = {Galactic Evolution, Milky Way Galaxy, Stellar Luminosity, White Dwarf Stars, Computational Astrophysics, Numerical Analysis, Star Formation, Statistical Analysis, Stellar Mass, Astrophysics, GALAXY: EVOLUTION, STARS: LUMINOSITY FUNCTION, MASS FUNCTION, STARS: STATISTICS, STARS: WHITE DWARFS},
         year = 1992,
        month = feb,
       volume = {386},
        pages = {539},
          doi = {10.1086/171038},
       adsurl = {https://ui.adsabs.harvard.edu/abs/1992ApJ...386..539W},
      adsnote = {Provided by the SAO/NASA Astrophysics Data System}
}




@ARTICLE{Fernandes19,
       author = {{Fernandes}, Rachel B. and {Mulders}, Gijs D. and {Pascucci}, Ilaria and
         {Mordasini}, Christoph and {Emsenhuber}, Alexandre},
        title = "{Hints for a Turnover at the Snow Line in the Giant Planet Occurrence Rate}",
      journal = {\apj},
     keywords = {methods: statistical, planetary systems, planets and satellites: formation, protoplanetary disks, surveys, Astrophysics - Solar and Stellar Astrophysics},
         year = 2019,
        month = mar,
       volume = {874},
       number = {1},
          eid = {81},
        pages = {81},
          doi = {10.3847/1538-4357/ab0300},
archivePrefix = {arXiv},
       eprint = {1812.05569},
 primaryClass = {astro-ph.SR},
       adsurl = {https://ui.adsabs.harvard.edu/abs/2019ApJ...874...81F},
      adsnote = {Provided by the SAO/NASA Astrophysics Data System}
}

@ARTICLE{Thompson2018,
       author = {{Thompson}, Susan E. and {Coughlin}, Jeffrey L. and {Hoffman}, Kelsey and
         {Mullally}, Fergal and {Christiansen}, Jessie L. and
         {Burke}, Christopher J. and {Bryson}, Steve and {Batalha}, Natalie and
         {Haas}, Michael R. and {Catanzarite}, Joseph and {Rowe}, Jason F. and
         {Barentsen}, Geert and {Caldwell}, Douglas A. and {Clarke}, Bruce D. and
         {Jenkins}, Jon M. and {Li}, Jie and {Latham}, David W. and
         {Lissauer}, Jack J. and {Mathur}, Savita and {Morris}, Robert L. and
         {Seader}, Shawn E. and {Smith}, Jeffrey C. and {Klaus}, Todd C. and
         {Twicken}, Joseph D. and {Van Cleve}, Jeffrey E. and {Wohler}, Bill and
         {Akeson}, Rachel and {Ciardi}, David R. and {Cochran}, William D. and
         {Henze}, Christopher E. and {Howell}, Steve B. and {Huber}, Daniel and
         {Pr{\v{s}}a}, Andrej and {Ram{\'\i}rez}, Solange V. and
         {Morton}, Timothy D. and {Barclay}, Thomas and {Campbell}, Jennifer R. and
         {Chaplin}, William J. and {Charbonneau}, David and
         {Christensen-Dalsgaard}, J{\o}rgen and {Dotson}, Jessie L. and
         {Doyle}, Laurance and {Dunham}, Edward W. and {Dupree}, Andrea K. and
         {Ford}, Eric B. and {Geary}, John C. and {Girouard}, Forrest R. and
         {Isaacson}, Howard and {Kjeldsen}, Hans and {Quintana}, Elisa V. and
         {Ragozzine}, Darin and {Shabram}, Megan and {Shporer}, Avi and
         {Silva Aguirre}, Victor and {Steffen}, Jason H. and {Still}, Martin and
         {Tenenbaum}, Peter and {Welsh}, William F. and {Wolfgang}, Angie and
         {Zamudio}, Khadeejah A. and {Koch}, David G. and {Borucki}, William J.},
        title = "{Planetary Candidates Observed by Kepler. VIII. A Fully Automated Catalog with Measured Completeness and Reliability Based on Data Release 25}",
      journal = {\apjs},
     keywords = {catalogs, planetary systems, stars: general, surveys, Astrophysics - Earth and Planetary Astrophysics},
         year = 2018,
        month = apr,
       volume = {235},
       number = {2},
          eid = {38},
        pages = {38},
          doi = {10.3847/1538-4365/aab4f9},
archivePrefix = {arXiv},
       eprint = {1710.06758},
 primaryClass = {astro-ph.EP},
       adsurl = {https://ui.adsabs.harvard.edu/abs/2018ApJS..235...38T},
      adsnote = {Provided by the SAO/NASA Astrophysics Data System}
}

@ARTICLE{Burke2015,
       author = {{Burke}, Christopher J. and {Christiansen}, Jessie L. and
         {Mullally}, F. and {Seader}, Shawn and {Huber}, Daniel and
         {Rowe}, Jason F. and {Coughlin}, Jeffrey L. and {Thompson}, Susan E. and
         {Catanzarite}, Joseph and {Clarke}, Bruce D. and {Morton}, Timothy D. and
         {Caldwell}, Douglas A. and {Bryson}, Stephen T. and {Haas}, Michael R. and
         {Batalha}, Natalie M. and {Jenkins}, Jon M. and {Tenenbaum}, Peter and
         {Twicken}, Joseph D. and {Li}, Jie and {Quintana}, Elisa and
         {Barclay}, Thomas and {Henze}, Christopher E. and
         {Borucki}, William J. and {Howell}, Steve B. and {Still}, Martin},
        title = "{Terrestrial Planet Occurrence Rates for the Kepler GK Dwarf Sample}",
      journal = {\apj},
     keywords = {catalogs, eclipses, methods: statistical, planetary systems, space vehicles, surveys, Astrophysics - Earth and Planetary Astrophysics},
         year = 2015,
        month = aug,
       volume = {809},
       number = {1},
          eid = {8},
        pages = {8},
          doi = {10.1088/0004-637X/809/1/8},
archivePrefix = {arXiv},
       eprint = {1506.04175},
 primaryClass = {astro-ph.EP},
       adsurl = {https://ui.adsabs.harvard.edu/abs/2015ApJ...809....8B},
      adsnote = {Provided by the SAO/NASA Astrophysics Data System}
}

@ARTICLE{Dressing2013,
       author = {{Dressing}, Courtney D. and {Charbonneau}, David},
        title = "{The Occurrence Rate of Small Planets around Small Stars}",
      journal = {\apj},
     keywords = {catalogs, methods: data analysis, planetary systems, stars: low-mass, surveys, techniques: photometric, Astrophysics - Earth and Planetary Astrophysics, Astrophysics - Solar and Stellar Astrophysics},
         year = 2013,
        month = apr,
       volume = {767},
       number = {1},
          eid = {95},
        pages = {95},
          doi = {10.1088/0004-637X/767/1/95},
archivePrefix = {arXiv},
       eprint = {1302.1647},
 primaryClass = {astro-ph.EP},
       adsurl = {https://ui.adsabs.harvard.edu/abs/2013ApJ...767...95D},
      adsnote = {Provided by the SAO/NASA Astrophysics Data System}
}

@ARTICLE{Livio1984evolution,
       author = {{Soker}, N. and {Livio}, M. and {Harpaz}, A.},
        title = "{The evolution of a star-'planet' system in the double core phase}",
      journal = {\mnras},
     keywords = {Binary Stars, Dwarf Stars, Red Giant Stars, Stellar Evolution, Stellar Cores, Stellar Envelopes, Stellar Mass Ejection, Astrophysics},
         year = 1984,
        month = sep,
       volume = {210},
        pages = {189-195},
          doi = {10.1093/mnras/210.2.189},
       adsurl = {https://ui.adsabs.harvard.edu/abs/1984MNRAS.210..189S},
      adsnote = {Provided by the SAO/NASA Astrophysics Data System}
}


@ARTICLE{Gansicke2006Gas,
       author = {{G{\"a}nsicke}, B.~T. and {Marsh}, T.~R. and {Southworth}, J. and
         {Rebassa-Mansergas}, A.},
        title = "{A Gaseous Metal Disk Around a White Dwarf}",
      journal = {Science},
     keywords = {ASTRONOMY, Astrophysics},
         year = 2006,
        month = dec,
       volume = {314},
       number = {5807},
        pages = {1908},
          doi = {10.1126/science.1135033},
archivePrefix = {arXiv},
       eprint = {astro-ph/0612697},
 primaryClass = {astro-ph},
       adsurl = {https://ui.adsabs.harvard.edu/abs/2006Sci...314.1908G},
      adsnote = {Provided by the SAO/NASA Astrophysics Data System}
}

@ARTICLE{Burleigh2002,
       author = {{Burleigh}, M.~R. and {Clarke}, F.~J. and {Hodgkin}, S.~T.},
        title = "{Imaging planets around nearby white dwarfs}",
      journal = {\mnras},
     keywords = {planetary systems, white dwarfs, Astrophysics},
         year = 2002,
        month = apr,
       volume = {331},
       number = {4},
        pages = {L41-L45},
          doi = {10.1046/j.1365-8711.2002.05417.x},
archivePrefix = {arXiv},
       eprint = {astro-ph/0202194},
 primaryClass = {astro-ph},
       adsurl = {https://ui.adsabs.harvard.edu/abs/2002MNRAS.331L..41B},
      adsnote = {Provided by the SAO/NASA Astrophysics Data System}
}

@ARTICLE{Holberg1995,
       author = {{Holberg}, J.~B. and {Bruhweiler}, F.~C. and {Andersen}, J.},
        title = "{The Circumstellar Nature of the Metallic Features in a Hot DA White Dwarf}",
      journal = {\apj},
     keywords = {Absorption Spectra, Abundance, Carbon, Metallicity, Radial Velocity, Silicon, Stellar Envelopes, Ultraviolet Astronomy, White Dwarf Stars, Atomic Collisions, Density (Mass/Volume), Electron Density (Concentration), Energy Levels, Iue, Photoexcitation, Photosphere, Velocity, Astrophysics, STARS: CIRCUMSTELLAR MATTER, STARS: INDIVIDUAL ALPHANUMERIC: CD -38 DEGREES 10980, STARS: WHITE DWARFS, ULTRAVIOLET: GENERAL},
         year = 1995,
        month = apr,
       volume = {443},
        pages = {753},
          doi = {10.1086/175565},
       adsurl = {https://ui.adsabs.harvard.edu/abs/1995ApJ...443..753H},
      adsnote = {Provided by the SAO/NASA Astrophysics Data System}
}

@ARTICLE{Fusillo2019gaiawd,
       author = {{Gentile Fusillo}, Nicola Pietro and {Tremblay}, Pier-Emmanuel and
         {G{\"a}nsicke}, Boris T. and {Manser}, Christopher J. and
         {Cunningham}, Tim and {Cukanovaite}, Elena and {Hollands}, Mark and
         {Marsh}, Thomas and {Raddi}, Roberto and {Jordan}, Stefan and
         {Toonen}, Silvia and {Geier}, Stephan and {Barstow}, Martin and
         {Cummings}, Jeffrey D.},
        title = "{A Gaia Data Release 2 catalogue of white dwarfs and a comparison with SDSS}",
      journal = {\mnras},
     keywords = {catalogues, surveys, white dwarfs, Astrophysics - Solar and Stellar Astrophysics},
         year = 2019,
        month = feb,
       volume = {482},
       number = {4},
        pages = {4570-4591},
          doi = {10.1093/mnras/sty3016},
archivePrefix = {arXiv},
       eprint = {1807.03315},
 primaryClass = {astro-ph.SR},
       adsurl = {https://ui.adsabs.harvard.edu/abs/2019MNRAS.482.4570G},
      adsnote = {Provided by the SAO/NASA Astrophysics Data System}
}

@ARTICLE{Williams2009,
       author = {{Williams}, Kurtis A. and {Bolte}, Michael and {Koester}, Detlev},
        title = "{Probing the Lower Mass Limit for Supernova Progenitors and the High-Mass End of the Initial-Final Mass Relation from White Dwarfs in the Open Cluster M35 (NGC 2168)}",
      journal = {\apj},
     keywords = {open clusters and associations: individual: M35, stars: evolution, white dwarfs, Astrophysics},
         year = 2009,
        month = mar,
       volume = {693},
       number = {1},
        pages = {355-369},
          doi = {10.1088/0004-637X/693/1/355},
archivePrefix = {arXiv},
       eprint = {0811.1577},
 primaryClass = {astro-ph},
       adsurl = {https://ui.adsabs.harvard.edu/abs/2009ApJ...693..355W},
      adsnote = {Provided by the SAO/NASA Astrophysics Data System}
}


@ARTICLE{Linder2019,
       author = {{Linder}, Esther F. and {Mordasini}, Christoph and {Molli{\`e}re}, Paul and
         {Marleau}, Gabriel-Dominique and {Malik}, Matej and {Quanz}, Sascha P. and
         {Meyer}, Michael R.},
        title = "{Evolutionary models of cold and low-mass planets: cooling curves, magnitudes, and detectability}",
      journal = {\aap},
     keywords = {planets and satellites: physical evolution, planets and satellites: atmospheres, planets and satellites: detection, Astrophysics - Earth and Planetary Astrophysics},
         year = 2019,
        month = mar,
       volume = {623},
          eid = {A85},
        pages = {A85},
          doi = {10.1051/0004-6361/201833873},
archivePrefix = {arXiv},
       eprint = {1812.02027},
 primaryClass = {astro-ph.EP},
       adsurl = {https://ui.adsabs.harvard.edu/abs/2019A&A...623A..85L},
      adsnote = {Provided by the SAO/NASA Astrophysics Data System}
}

@ARTICLE{Malik2017Helios,
       author = {{Malik}, Matej and {Grosheintz}, Luc and {Mendon{\c{c}}a}, Jo{\~a}o M. and
         {Grimm}, Simon L. and {Lavie}, Baptiste and {Kitzmann}, Daniel and
         {Tsai}, Shang-Min and {Burrows}, Adam and {Kreidberg}, Laura and
         {Bedell}, Megan and {Bean}, Jacob L. and {Stevenson}, Kevin B. and
         {Heng}, Kevin},
        title = "{HELIOS: An Open-source, GPU-accelerated Radiative Transfer Code for Self-consistent Exoplanetary Atmospheres}",
      journal = {\aj},
     keywords = {methods: numerical, planets and satellites: atmospheres, radiative transfer, Astrophysics - Earth and Planetary Astrophysics, Physics - Atmospheric and Oceanic Physics},
         year = 2017,
        month = feb,
       volume = {153},
       number = {2},
          eid = {56},
        pages = {56},
          doi = {10.3847/1538-3881/153/2/56},
archivePrefix = {arXiv},
       eprint = {1606.05474},
 primaryClass = {astro-ph.EP},
       adsurl = {https://ui.adsabs.harvard.edu/abs/2017AJ....153...56M},
      adsnote = {Provided by the SAO/NASA Astrophysics Data System}
}

@ARTICLE{Subsavage2017,
       author = {{Subasavage}, John P. and {Jao}, Wei-Chun and {Henry}, Todd J. and
         {Harris}, Hugh C. and {Dahn}, Conard C. and {Bergeron}, P. and
         {Dufour}, P. and {Dunlap}, Bart H. and {Barlow}, Brad N. and
         {Ianna}, Philip A. and {L{\'e}pine}, S{\'e}bastien and
         {Margheim}, Steven J.},
        title = "{The Solar Neighborhood. XXXIX. Parallax Results from the CTIOPI and NOFS Programs: 50 New Members of the 25 parsec White Dwarf Sample}",
      journal = {\aj},
     keywords = {astrometry, Galaxy: evolution, solar neighborhood, stars: distances, white dwarfs, Astrophysics - Solar and Stellar Astrophysics},
         year = 2017,
        month = jul,
       volume = {154},
       number = {1},
          eid = {32},
        pages = {32},
          doi = {10.3847/1538-3881/aa76e0},
archivePrefix = {arXiv},
       eprint = {1706.00709},
 primaryClass = {astro-ph.SR},
       adsurl = {https://ui.adsabs.harvard.edu/abs/2017AJ....154...32S},
      adsnote = {Provided by the SAO/NASA Astrophysics Data System}
}

@ARTICLE{Mullally2007Spitzer,
       author = {{Mullally}, F. and {Kilic}, Mukremin and {Reach}, William T. and
         {Kuchner}, Marc J. and {von Hippel}, Ted and {Burrows}, Adam and
         {Winget}, D.~E.},
        title = "{A Spitzer White Dwarf Infrared Survey}",
      journal = {\apjs},
     keywords = {Infrared: Stars, Surveys, Stars: White Dwarfs, Astrophysics},
         year = 2007,
        month = jul,
       volume = {171},
       number = {1},
        pages = {206-218},
          doi = {10.1086/511858},
archivePrefix = {arXiv},
       eprint = {astro-ph/0611588},
 primaryClass = {astro-ph},
       adsurl = {https://ui.adsabs.harvard.edu/abs/2007ApJS..171..206M},
      adsnote = {Provided by the SAO/NASA Astrophysics Data System}
}

@PHDTHESIS{Mullally2007PhDT,
       author = {{Mullally}, Fergal Robert},
        title = "{Substellar companions to white dwarves}",
     keywords = {White dwarf stars, Extrasolar planets, Brown dwarf stars, Planetary mass companions, Accretion, Low-mass objects},
       school = {The University of Texas at Austin},
         year = 2007,
        month = aug,
       adsurl = {https://ui.adsabs.harvard.edu/abs/2007PhDT........14M},
      adsnote = {Provided by the SAO/NASA Astrophysics Data System}
}

@ARTICLE{Childs2019,
       author = {{Childs}, Anna C. and {Quintana}, Elisa and {Barclay}, Thomas and
         {Steffen}, Jason H.},
        title = "{Giant planet effects on terrestrial planet formation and system architecture}",
      journal = {\mnras},
     keywords = {giant planets, simulations, terrestrial planet formation, Astrophysics - Earth and Planetary Astrophysics},
         year = 2019,
        month = may,
       volume = {485},
       number = {1},
        pages = {541-549},
          doi = {10.1093/mnras/stz385},
archivePrefix = {arXiv},
       eprint = {1807.02463},
 primaryClass = {astro-ph.EP},
       adsurl = {https://ui.adsabs.harvard.edu/abs/2019MNRAS.485..541C},
      adsnote = {Provided by the SAO/NASA Astrophysics Data System}
}

@ARTICLE{Brander2020,
       author = {{Brandner}, Wolfgang and {Zinnecker}, Hans and {Kopytova}, Taisiya},
        title = "{Search for giant planets around seven white dwarfs in the Hyades cluster with the Hubble Space Telescope}",
      journal = {\mnras},
     keywords = {Planets and satellites: gaseous planets, Planets and satellites: formation, Planets and satellites: detection, Planets and satellites: dynamical evolution and stability, white dwarfs, open clusters and associations: individual: Hyades, Astrophysics - Earth and Planetary Astrophysics, Astrophysics - Solar and Stellar Astrophysics},
         year = 2020,
        month = nov,
          doi = {10.1093/mnras/staa3422},
archivePrefix = {arXiv},
       eprint = {2011.03562},
 primaryClass = {astro-ph.EP},
       adsurl = {https://ui.adsabs.harvard.edu/abs/2020MNRAS.tmp.3230B},
      adsnote = {Provided by the SAO/NASA Astrophysics Data System}
}

@ARTICLE{Beichman2019,
       author = {{Beichman}, Charles and {Barrado}, David and {Belikov}, Ruslan and
         {Biller}, Beth and {Boccaletti}, Antony and {Burrows}, Adam and
         {Danielski}, Camilla and {Choquet}, Elodie and {Doyon}, Rene and
         {Fortney}, Jonathan and {Gaspar}, Andras and {Glasse}, Alistair and
         {Hinkley}, Sasha and {Hu}, Renyu and {Kataria}, Tiffany and
         {Krist}, John and {Lafreni{\`e}re}, David and {Lagage}, Pierre-Olivier and
         {Lunine}, Jonathan and {Marley}, Mark and {Mawet}, Dimitri and
         {Meshkat}, Tiffany and {Meyer}, Michael and {Oppenheimer}, Rebecca and
         {Perrin}, Marshall and {Pueyo}, Laurent and {Ressler}, Michael and
         {Rieke}, George and {Rieke}, Marcia and {Roellig}, Thomas and
         {Serabyn}, Eugene and {Schlieder}, Joshua E. and {Skemer}, Andy and
         {Soummer}, Remi and {Su}, Kate and {Tremblin}, Pascal and
         {Venot}, Olivia and {Ygouf}, Marie},
        title = "{Direct Imaging and Spectroscopy of Exoplanets with the James Webb Space Telescope}",
      journal = {\baas},
         year = 2019,
        month = may,
       volume = {51},
       number = {3},
          eid = {58},
        pages = {58},
       adsurl = {https://ui.adsabs.harvard.edu/abs/2019BAAS...51c..58B},
      adsnote = {Provided by the SAO/NASA Astrophysics Data System}
}

@ARTICLE{Nielsen2019GPI,
       author = {{Nielsen}, Eric L. and {De Rosa}, Robert J. and {Macintosh}, Bruce and
         {Wang}, Jason J. and {Ruffio}, Jean-Baptiste and {Chiang}, Eugene and
         {Marley}, Mark S. and {Saumon}, Didier and {Savransky}, Dmitry and
         {Ammons}, S. Mark and {Bailey}, Vanessa P. and {Barman}, Travis and
         {Blain}, C{\'e}lia and {Bulger}, Joanna and {Burrows}, Adam and
         {Chilcote}, Jeffrey and {Cotten}, Tara and {Czekala}, Ian and
         {Doyon}, Rene and {Duch{\^e}ne}, Gaspard and {Esposito}, Thomas M. and
         {Fabrycky}, Daniel and {Fitzgerald}, Michael P. and
         {Follette}, Katherine B. and {Fortney}, Jonathan J. and
         {Gerard}, Benjamin L. and {Goodsell}, Stephen J. and
         {Graham}, James R. and {Greenbaum}, Alexandra Z. and {Hibon}, Pascale and
         {Hinkley}, Sasha and {Hirsch}, Lea A. and {Hom}, Justin and
         {Hung}, Li-Wei and {Dawson}, Rebekah Ilene and {Ingraham}, Patrick and
         {Kalas}, Paul and {Konopacky}, Quinn and {Larkin}, James E. and
         {Lee}, Eve J. and {Lin}, Jonathan W. and {Maire}, J{\'e}r{\^o}me and
         {Marchis}, Franck and {Marois}, Christian and {Metchev}, Stanimir and
         {Millar-Blanchaer}, Maxwell A. and {Morzinski}, Katie M. and
         {Oppenheimer}, Rebecca and {Palmer}, David and {Patience}, Jennifer and
         {Perrin}, Marshall and {Poyneer}, Lisa and {Pueyo}, Laurent and
         {Rafikov}, Roman R. and {Rajan}, Abhijith and {Rameau}, Julien and
         {Rantakyr{\"o}}, Fredrik T. and {Ren}, Bin and {Schneider}, Adam C. and
         {Sivaramakrishnan}, Anand and {Song}, Inseok and {Soummer}, Remi and
         {Tallis}, Melisa and {Thomas}, Sandrine and {Ward-Duong}, Kimberly and
         {Wolff}, Schuyler},
        title = "{The Gemini Planet Imager Exoplanet Survey: Giant Planet and Brown Dwarf Demographics from 10 to 100 au}",
      journal = {\aj},
     keywords = {instrumentation: adaptive optics, planetary systems, planets and satellites: detection, Astrophysics - Earth and Planetary Astrophysics},
         year = 2019,
        month = jul,
       volume = {158},
       number = {1},
          eid = {13},
        pages = {13},
          doi = {10.3847/1538-3881/ab16e9},
archivePrefix = {arXiv},
       eprint = {1904.05358},
 primaryClass = {astro-ph.EP},
       adsurl = {https://ui.adsabs.harvard.edu/abs/2019AJ....158...13N},
      adsnote = {Provided by the SAO/NASA Astrophysics Data System}
}

@ARTICLE{Carter2020JWST,
       author = {{Carter}, Aarynn L. and {Hinkley}, Sasha and {Bonavita}, Mariangela and
         {Phillips}, Mark W. and {Girard}, Julien H. and {Perrin}, Marshall and
         {Pueyo}, Laurent and {Vigan}, Arthur and {Gagn{\'e}}, Jonathan and
         {Skemer}, Andrew J.~I.},
        title = "{Direct imaging of sub-Jupiter mass exoplanets with James Webb Space Telescope coronagraphy}",
      journal = {\mnras},
     keywords = {infrared: planetary systems, planets and satellites: gaseous planets, planets and satellites: atmospheres, techniques: high angular resolution, techniques: image processing},
         year = 2020,
        month = nov,
          doi = {10.1093/mnras/staa3579},
       adsurl = {https://ui.adsabs.harvard.edu/abs/2020MNRAS.tmp.3369C},
      adsnote = {Provided by the SAO/NASA Astrophysics Data System}
}


@ARTICLE{Luhman2012,
       author = {{Luhman}, K.~L. and {Burgasser}, A.~J. and {Labb{\'e}}, I. and
         {Saumon}, D. and {Marley}, M.~S. and {Bochanski}, J.~J. and
         {Monson}, A.~J. and {Persson}, S.~E.},
        title = "{Confirmation of One of the Coldest Known Brown Dwarfs}",
      journal = {\apj},
     keywords = {binaries: visual, brown dwarfs, infrared: planetary systems, planetary systems, planets and satellites: atmospheres, Astrophysics - Astrophysics of Galaxies},
         year = 2012,
        month = jan,
       volume = {744},
       number = {2},
          eid = {135},
        pages = {135},
          doi = {10.1088/0004-637X/744/2/135},
archivePrefix = {arXiv},
       eprint = {1110.4353},
 primaryClass = {astro-ph.GA},
       adsurl = {https://ui.adsabs.harvard.edu/abs/2012ApJ...744..135L},
      adsnote = {Provided by the SAO/NASA Astrophysics Data System}
}


@ARTICLE{Blackman21,
       author = {{Blackman}, J.~W. and {Beaulieu}, J.~P. and {Bennett}, D.~P. and {Danielski}, C. and {Alard}, C. and {Cole}, A.~A. and {Vandorou}, A. and {Ranc}, C. and {Terry}, S.~K. and {Bhattacharya}, A. and {Bond}, I. and {Bachelet}, E. and {Veras}, D. and {Koshimoto}, N. and {Batista}, V. and {Marquette}, J.~B.},
        title = "{A Jovian analogue orbiting a white dwarf star}",
      journal = {\nat},
     keywords = {Astrophysics - Earth and Planetary Astrophysics, Astrophysics - Solar and Stellar Astrophysics},
         year = 2021,
        month = oct,
       volume = {598},
       number = {7880},
        pages = {272-275},
          doi = {10.1038/s41586-021-03869-6},
archivePrefix = {arXiv},
       eprint = {2110.07934},
 primaryClass = {astro-ph.EP},
       adsurl = {https://ui.adsabs.harvard.edu/abs/2021Natur.598..272B},
      adsnote = {Provided by the SAO/NASA Astrophysics Data System}
}

@ARTICLE{Gansicke2019,
       author = {{G{\"a}nsicke}, Boris T. and {Schreiber}, Matthias R. and {Toloza}, Odette and {Gentile Fusillo}, Nicola P. and {Koester}, Detlev and {Manser}, Christopher J.},
        title = "{Accretion of a giant planet onto a white dwarf star}",
      journal = {\nat},
     keywords = {Astrophysics - Earth and Planetary Astrophysics, Astrophysics - Solar and Stellar Astrophysics},
         year = 2019,
        month = dec,
       volume = {576},
       number = {7785},
        pages = {61-64},
          doi = {10.1038/s41586-019-1789-8},
archivePrefix = {arXiv},
       eprint = {1912.01611},
 primaryClass = {astro-ph.EP},
       adsurl = {https://ui.adsabs.harvard.edu/abs/2019Natur.576...61G},
      adsnote = {Provided by the SAO/NASA Astrophysics Data System}
}

@ARTICLE{gaia2022wd,
       author = {{Gaia Collaboration} and {Arenou}, F. and {Babusiaux}, C. and {Barstow}, M.~A. and {Faigler}, S. and {Jorissen}, A. and {Kervella}, P. and {Mazeh}, T. and {Mowlavi}, N. and {Panuzzo}, P. and {Sahlmann}, J. and {Shahaf}, S. and {Sozzetti}, A. and {Bauchet}, N. and {Damerdji}, Y. and {Gavras}, P. and {Giacobbe}, P. and {Gosset}, E. and {Halbwachs}, J. -L. and {Holl}, B. and {Lattanzi}, M.~G. and {Leclerc}, N. and {Morel}, T. and {Pourbaix}, D. and {Re Fiorentin}, P. and {Sadowski}, G. and {S{\'e}gransan}, D. and {Siopis}, C. and {Teyssier}, D. and {Zwitter}, T. and {Planquart}, L. and {Brown}, A.~G.~A. and {Vallenari}, A. and {Prusti}, T. and {de Bruijne}, J.~H.~J. and {Biermann}, M. and {Creevey}, O.~L. and {Ducourant}, C. and {Evans}, D.~W. and {Eyer}, L. and {Guerra}, R. and {Hutton}, A. and {Jordi}, C. and {Klioner}, S.~A. and {Lammers}, U.~L. and {Lindegren}, L. and {Luri}, X. and {Mignard}, F. and {Panem}, C. and {Randich}, S. and {Sartoretti}, P. and {Soubiran}, C. and {Tanga}, P. and {Walton}, N.~A. and {Bailer-Jones}, C.~A.~L. and {Bastian}, U. and {Drimmel}, R. and {Jansen}, F. and {Katz}, D. and {van Leeuwen}, F. and {Bakker}, J. and {Cacciari}, C. and {Casta{\~n}eda}, J. and {De Angeli}, F. and {Fabricius}, C. and {Fouesneau}, M. and {Fr{\'e}mat}, Y. and {Galluccio}, L. and {Guerrier}, A. and {Heiter}, U. and {Masana}, E. and {Messineo}, R. and {Nicolas}, C. and {Nienartowicz}, K. and {Pailler}, F. and {Riclet}, F. and {Roux}, W. and {Seabroke}, G.~M. and {Sordo}, R. and {Th{\'e}venin}, F. and {Gracia-Abril}, G. and {Portell}, J. and {Altmann}, M. and {Andrae}, R. and {Audard}, M. and {Bellas-Velidis}, I. and {Benson}, K. and {Berthier}, J. and {Blomme}, R. and {Burgess}, P.~W. and {Busonero}, D. and {Busso}, G. and {C{\'a}novas}, H. and {Carry}, B. and {Cellino}, A. and {Cheek}, N. and {Clementini}, G. and {Davidson}, M. and {de Teodoro}, P. and {Nu{\~n}ez Campos}, M. and {Delchambre}, L. and {Dell'Oro}, A. and {Esquej}, P. and {Fern{\'a}ndez-Hern{\'a}ndez}, J. and {Fraile}, E. and {Garabato}, D. and {Garc{\'\i}a-Lario}, P. and {Haigron}, R. and {Hambly}, N.~C. and {Harrison}, D.~L. and {Hern{\'a}ndez}, J. and {Hestroffer}, D. and {Hodgkin}, S.~T. and {Jan{\ss}en}, K. and {Jevardat de Fombelle}, G. and {Jordan}, S. and {Krone-Martins}, A. and {Lanzafame}, A.~C. and {L{\"o}ffler}, W. and {Marchal}, O. and {Marrese}, P.~M. and {Moitinho}, A. and {Muinonen}, K. and {Osborne}, P. and {Pancino}, E. and {Pauwels}, T. and {Recio-Blanco}, A. and {Reyl{\'e}}, C. and {Riello}, M. and {Rimoldini}, L. and {Roegiers}, T. and {Rybizki}, J. and {Sarro}, L.~M. and {Smith}, M. and {Utrilla}, E. and {van Leeuwen}, M. and {Abbas}, U. and {{\'A}brah{\'a}m}, P. and {Abreu Aramburu}, A. and {Aerts}, C. and {Aguado}, J.~J. and {Ajaj}, M. and {Aldea-Montero}, F. and {Altavilla}, G. and {{\'A}lvarez}, M.~A. and {Alves}, J. and {Anders}, F. and {Anderson}, R.~I. and {Anglada Varela}, E. and {Antoja}, T. and {Baines}, D. and {Baker}, S.~G. and {Balaguer-N{\'u}{\~n}ez}, L. and {Balbinot}, E. and {Balog}, Z. and {Barache}, C. and {Barbato}, D. and {Barros}, M. and {Bartolom{\'e}}, S. and {Bassilana}, J. -L. and {Becciani}, U. and {Bellazzini}, M. and {Berihuete}, A. and {Bernet}, M. and {Bertone}, S. and {Bianchi}, L. and {Binnenfeld}, A. and {Blanco-Cuaresma}, S. and {Blazere}, A. and {Boch}, T. and {Bombrun}, A. and {Bossini}, D. and {Bouquillon}, S. and {Bragaglia}, A. and {Bramante}, L. and {Breedt}, E. and {Bressan}, A. and {Brouillet}, N. and {Brugaletta}, E. and {Bucciarelli}, B. and {Burlacu}, A. and {Butkevich}, A.~G. and {Buzzi}, R. and {Caffau}, E. and {Cancelliere}, R. and {Cantat-Gaudin}, T. and {Carballo}, R. and {Carlucci}, T. and {Carnerero}, M.~I. and {Carrasco}, J.~M. and {Casamiquela}, L. and {Castellani}, M. and {Castro-Ginard}, A. and {Chaoul}, L. and {Charlot}, P. and {Chemin}, L. and {Chiaramida}, V. and {Chiavassa}, A. and {Chornay}, N. and {Comoretto}, G. and {Contursi}, G. and {Cooper}, W.~J. and {Cornez}, T. and {Cowell}, S. and {Crifo}, F. and {Cropper}, M. and {Crosta}, M. and {Crowley}, C. and {Dafonte}, C. and {Dapergolas}, A. and {David}, P. and {de Laverny}, P. and {De Luise}, F. and {De March}, R. and {De Ridder}, J. and {de Souza}, R. and {de Torres}, A. and {del Peloso}, E.~F. and {del Pozo}, E. and {Delbo}, M. and {Delgado}, A. and {Delisle}, J. -B. and {Demouchy}, C. and {Dharmawardena}, T.~E. and {Diakite}, S. and {Diener}, C. and {Distefano}, E. and {Dolding}, C. and {Enke}, H. and {Fabre}, C. and {Fabrizio}, M. and {Fedorets}, G. and {Fernique}, P. and {Figueras}, F. and {Fournier}, Y. and {Fouron}, C. and {Fragkoudi}, F. and {Gai}, M. and {Garcia-Gutierrez}, A. and {Garcia-Reinaldos}, M. and {Garc{\'\i}a-Torres}, M. and {Garofalo}, A. and {Gavel}, A. and {Gerlach}, E. and {Geyer}, R. and {Gilmore}, G. and {Girona}, S. and {Giuffrida}, G. and {Gomel}, R. and {Gomez}, A. and {Gonz{\'a}lez-N{\'u}{\~n}ez}, J. and {Gonz{\'a}lez-Santamar{\'\i}a}, I. and {Gonz{\'a}lez-Vidal}, J.~J. and {Granvik}, M. and {Guillout}, P. and {Guiraud}, J. and {Guti{\'e}rrez-S{\'a}nchez}, R. and {Guy}, L.~P. and {Hatzidimitriou}, D. and {Hauser}, M. and {Haywood}, M. and {Helmer}, A. and {Helmi}, A. and {Sarmiento}, M.~H. and {Hidalgo}, S.~L. and {H{\l}adczuk}, N. and {Hobbs}, D. and {Holland}, G. and {Huckle}, H.~E. and {Jardine}, K. and {Jasniewicz}, G. and {Jean-Antoine Piccolo}, A. and {Jim{\'e}nez-Arranz}, {\'O}. and {Juaristi Campillo}, J. and {Julbe}, F. and {Karbevska}, L. and {Khanna}, S. and {Kordopatis}, G. and {Korn}, A.~J. and {K{\'o}sp{\'a}l}, {\'A} and {Kostrzewa-Rutkowska}, Z. and {Kruszy{\'n}ska}, K. and {Kun}, M. and {Laizeau}, P. and {Lambert}, S. and {Lanza}, A.~F. and {Lasne}, Y. and {Le Campion}, J. -F. and {Lebreton}, Y. and {Lebzelter}, T. and {Leccia}, S. and {Lecoeur-Taibi}, I. and {Liao}, S. and {Licata}, E.~L. and {Lindstr{\o}m}, H.~E.~P. and {Lister}, T.~A. and {Livanou}, E. and {Lobel}, A. and {Lorca}, A. and {Loup}, C. and {Madrero Pardo}, P. and {Magdaleno Romeo}, A. and {Managau}, S. and {Mann}, R.~G. and {Manteiga}, M. and {Marchant}, J.~M. and {Marconi}, M. and {Marcos}, J. and {Marcos Santos}, M.~M.~S. and {Mar{\'\i}n Pina}, D. and {Marinoni}, S. and {Marocco}, F. and {Marshall}, D.~J. and {Polo}, L. Martin and {Mart{\'\i}n-Fleitas}, J.~M. and {Marton}, G. and {Mary}, N. and {Masip}, A. and {Massari}, D. and {Mastrobuono-Battisti}, A. and {McMillan}, P.~J. and {Messina}, S. and {Michalik}, D. and {Millar}, N.~R. and {Mints}, A. and {Molina}, D. and {Molinaro}, R. and {Moln{\'a}r}, L. and {Monari}, G. and {Mongui{\'o}}, M. and {Montegriffo}, P. and {Montero}, A. and {Mor}, R. and {Mora}, A. and {Morbidelli}, R. and {Morris}, D. and {Muraveva}, T. and {Murphy}, C.~P. and {Musella}, I. and {Nagy}, Z. and {Noval}, L. and {Oca{\~n}a}, F. and {Ogden}, A. and {Ordenovic}, C. and {Osinde}, J.~O. and {Pagani}, C. and {Pagano}, I. and {Palaversa}, L. and {Palicio}, P.~A. and {Pallas-Quintela}, L. and {Panahi}, A. and {Payne-Wardenaar}, S. and {Pe{\~n}alosa Esteller}, X. and {Penttil{\"a}}, A. and {Pichon}, B. and {Piersimoni}, A.~M. and {Pineau}, F. -X. and {Plachy}, E. and {Plum}, G. and {Poggio}, E. and {Pr{\v{s}}a}, A. and {Pulone}, L. and {Racero}, E. and {Ragaini}, S. and {Rainer}, M. and {Raiteri}, C.~M. and {Ramos}, P. and {Ramos-Lerate}, M. and {Regibo}, S. and {Richards}, P.~J. and {Rios Diaz}, C. and {Ripepi}, V. and {Riva}, A. and {Rix}, H. -W. and {Rixon}, G. and {Robichon}, N. and {Robin}, A.~C. and {Robin}, C. and {Roelens}, M. and {Rogues}, H.~R.~O. and {Rohrbasser}, L. and {Romero-G{\'o}mez}, M. and {Rowell}, N. and {Royer}, F. and {Ruz Mieres}, D. and {Rybicki}, K.~A. and {S{\'a}ez N{\'u}{\~n}ez}, A. and {Sagrist{\`a} Sell{\'e}s}, A. and {Salguero}, E. and {Samaras}, N. and {Sanchez Gimenez}, V. and {Sanna}, N. and {Santove{\~n}a}, R. and {Sarasso}, M. and {Schultheis}, M.~S. and {Sciacca}, E. and {Segol}, M. and {Segovia}, J.~C. and {Semeux}, D. and {Siddiqui}, H.~I. and {Siebert}, A. and {Siltala}, L. and {Silvelo}, A. and {Slezak}, E. and {Slezak}, I. and {Smart}, R.~L. and {Snaith}, O.~N. and {Solano}, E. and {Solitro}, F. and {Souami}, D. and {Souchay}, J. and {Spagna}, A. and {Spina}, L. and {Spoto}, F. and {Steele}, I.~A. and {Steidelm{\"u}ller}, H. and {Stephenson}, C.~A. and {S{\"u}veges}, M. and {Surdej}, J. and {Szabados}, L. and {Szegedi-Elek}, E. and {Taris}, F. and {Taylor}, M.~B. and {Teixeira}, R. and {Tolomei}, L. and {Tonello}, N. and {Torra}, F. and {Torra}, J. and {Torralba Elipe}, G. and {Trabucchi}, M. and {Tsounis}, A.~T. and {Turon}, C. and {Ulla}, A. and {Unger}, N. and {Vaillant}, M.~V. and {van Dillen}, E. and {van Reeven}, W. and {Vanel}, O. and {Vecchiato}, A. and {Viala}, Y. and {Vicente}, D. and {Voutsinas}, S. and {Weiler}, M. and {Wevers}, T. and {Wyrzykowski}, {\L}. and {Yoldas}, A. and {Yvard}, P. and {Zhao}, H. and {Zorec}, J. and {Zucker}, S.},
        title = "{Gaia Data Release 3: Stellar multiplicity, a teaser for the hidden treasure}",
      journal = {arXiv e-prints},
     keywords = {Astrophysics - Solar and Stellar Astrophysics, Astrophysics - Earth and Planetary Astrophysics, Astrophysics - Astrophysics of Galaxies, Astrophysics - Instrumentation and Methods for Astrophysics},
         year = 2022,
        month = jun,
          eid = {arXiv:2206.05595},
        pages = {arXiv:2206.05595},
archivePrefix = {arXiv},
       eprint = {2206.05595},
 primaryClass = {astro-ph.SR},
       adsurl = {https://ui.adsabs.harvard.edu/abs/2022arXiv220605595G},
      adsnote = {Provided by the SAO/NASA Astrophysics Data System}
}
@ARTICLE{Trierweiler2022,
       author = {{Trierweiler}, Isabella L. and {Doyle}, Alexandra E. and {Melis}, Carl and {Walsh}, Kevin J. and {Young}, Edward D.},
        title = "{Exomoons as Sources of White Dwarf Pollution}",
      journal = {\apj},
     keywords = {White dwarf stars, Planetary dynamics, 1799, 2173, Astrophysics - Earth and Planetary Astrophysics, Astrophysics - Solar and Stellar Astrophysics},
         year = 2022,
        month = sep,
       volume = {936},
       number = {1},
          eid = {30},
        pages = {30},
          doi = {10.3847/1538-4357/ac86d5},
archivePrefix = {arXiv},
       eprint = {2205.07935},
 primaryClass = {astro-ph.EP},
       adsurl = {https://ui.adsabs.harvard.edu/abs/2022ApJ...936...30T},
      adsnote = {Provided by the SAO/NASA Astrophysics Data System}
}
@ARTICLE{Trierweiler2023,
       author = {{Trierweiler}, Isabella L. and {Doyle}, Alexandra E. and {Young}, Edward D.},
        title = "{A Chondritic Solar Neighborhood}",
      journal = {\psj},
     keywords = {White dwarf stars, 1799, Astrophysics - Earth and Planetary Astrophysics, Astrophysics - Solar and Stellar Astrophysics},
         year = 2023,
        month = aug,
       volume = {4},
       number = {8},
          eid = {136},
        pages = {136},
          doi = {10.3847/PSJ/acdef3},
archivePrefix = {arXiv},
       eprint = {2306.03743},
 primaryClass = {astro-ph.EP},
       adsurl = {https://ui.adsabs.harvard.edu/abs/2023PSJ.....4..136T},
      adsnote = {Provided by the SAO/NASA Astrophysics Data System}
}
@ARTICLE{Melis2011,
       author = {{Melis}, Carl and {Farihi}, J. and {Dufour}, P. and {Zuckerman}, B. and {Burgasser}, Adam J. and {Bergeron}, P. and {Bochanski}, J. and {Simcoe}, R.},
        title = "{Accretion of a Terrestrial-like Minor Planet by a White Dwarf}",
      journal = {\apj},
     keywords = {circumstellar matter, planet-star interactions, stars: abundances, stars: individual: GALEX J193156.8+011745, white dwarfs, Astrophysics - Solar and Stellar Astrophysics, Astrophysics - Earth and Planetary Astrophysics},
         year = 2011,
        month = may,
       volume = {732},
       number = {2},
          eid = {90},
        pages = {90},
          doi = {10.1088/0004-637X/732/2/90},
archivePrefix = {arXiv},
       eprint = {1102.0311},
 primaryClass = {astro-ph.SR},
       adsurl = {https://ui.adsabs.harvard.edu/abs/2011ApJ...732...90M},
      adsnote = {Provided by the SAO/NASA Astrophysics Data System}
}

@ARTICLE{Melis2017,
       author = {{Melis}, Carl and {Dufour}, P.},
        title = "{Does a Differentiated, Carbonate-rich, Rocky Object Pollute the White Dwarf SDSS J104341.53+085558.2?}",
      journal = {\apj},
     keywords = {circumstellar matter, planet{\textendash}star interactions, stars: abundances, stars: individual: SDSS J104341.53+085558.2, white dwarfs, Astrophysics - Earth and Planetary Astrophysics, Astrophysics - Solar and Stellar Astrophysics},
         year = 2017,
        month = jan,
       volume = {834},
       number = {1},
          eid = {1},
        pages = {1},
          doi = {10.3847/1538-4357/834/1/1},
archivePrefix = {arXiv},
       eprint = {1610.08016},
 primaryClass = {astro-ph.EP},
       adsurl = {https://ui.adsabs.harvard.edu/abs/2017ApJ...834....1M},
      adsnote = {Provided by the SAO/NASA Astrophysics Data System}
}


@ARTICLE{Koester14,
       author = {{Koester}, D. and {G{\"a}nsicke}, B.~T. and {Farihi}, J.},
        title = "{The frequency of planetary debris around young white dwarfs}",
      journal = {\aap},
     keywords = {white dwarfs, stars: atmospheres, stars: abundances, circumstellar matter, planetary systems, Astrophysics - Solar and Stellar Astrophysics},
         year = 2014,
        month = jun,
       volume = {566},
          eid = {A34},
        pages = {A34},
          doi = {10.1051/0004-6361/201423691},
archivePrefix = {arXiv},
       eprint = {1404.2617},
 primaryClass = {astro-ph.SR},
       adsurl = {https://ui.adsabs.harvard.edu/abs/2014A&A...566A..34K},
      adsnote = {Provided by the SAO/NASA Astrophysics Data System}
}

@ARTICLE{Koester06,
    author = {{Koester}, D. and {Wilken}, D.},
     title = "{The accretion-diffusion scenario for metals in cool white dwarfs}",
   journal = {\aap},
    eprint = {astro-ph/0603185},
      year = 2006,
     month = jul,
    volume = 453,
     pages = {1051-1057},
       doi = {10.1051/0004-6361:20064843},
    adsurl = {http://adsabs.harvard.edu/cgi-bin/nph-bib_query?bibcode=2006A%26A...453.1051K&db_key=AST},
   adsnote = {Provided by the Smithsonian/NASA Astrophysics Data System}
}

@ARTICLE{Limbach2022,
       author = {{Limbach}, Mary Anne and {Vanderburg}, Andrew and {Stevenson}, Kevin B. and {Blouin}, Simon and {Morley}, Caroline and {Lustig-Yaeger}, Jacob and {Soares-Furtado}, Melinda and {Janson}, Markus},
        title = "{A new method for finding nearby white dwarfs exoplanets and detecting biosignatures}",
      journal = {\mnras},
     keywords = {astrobiology, planets and satellites: atmospheres, planets and satellites: detection, white dwarfs, infrared: planetary systems, Astrophysics - Earth and Planetary Astrophysics, Astrophysics - Instrumentation and Methods for Astrophysics, Astrophysics - Solar and Stellar Astrophysics},
         year = 2022,
        month = dec,
       volume = {517},
       number = {2},
        pages = {2622-2638},
          doi = {10.1093/mnras/stac2823},
archivePrefix = {arXiv},
       eprint = {2209.12914},
 primaryClass = {astro-ph.EP},
       adsurl = {https://ui.adsabs.harvard.edu/abs/2022MNRAS.517.2622L},
      adsnote = {Provided by the SAO/NASA Astrophysics Data System}
}

@ARTICLE{Morris2021,
       author = {{Morris}, Brett M. and {Heng}, Kevin and {Brandeker}, Alexis and {Swan}, Andrew and {Lendl}, Monika},
        title = "{A CHEOPS white dwarf transit search}",
      journal = {\aap},
     keywords = {white dwarfs, instrumentation: photometers, techniques: photometric, planets and satellites: detection, Astrophysics - Earth and Planetary Astrophysics, Astrophysics - Solar and Stellar Astrophysics},
         year = 2021,
        month = jul,
       volume = {651},
          eid = {L12},
        pages = {L12},
          doi = {10.1051/0004-6361/202140913},
archivePrefix = {arXiv},
       eprint = {2105.07987},
 primaryClass = {astro-ph.EP},
       adsurl = {https://ui.adsabs.harvard.edu/abs/2021A&A...651L..12M},
      adsnote = {Provided by the SAO/NASA Astrophysics Data System}
}

@ARTICLE{Zuckerman2010ApJ,
       author = {{Zuckerman}, B. and {Melis}, C. and {Klein}, B. and {Koester}, D. and {Jura}, M.},
        title = "{Ancient Planetary Systems are Orbiting a Large Fraction of White Dwarf Stars}",
      journal = {\apj},
     keywords = {planetary systems, white dwarfs, Astrophysics - Solar and Stellar Astrophysics},
         year = 2010,
        month = oct,
       volume = {722},
       number = {1},
        pages = {725-736},
          doi = {10.1088/0004-637X/722/1/725},
archivePrefix = {arXiv},
       eprint = {1007.2252},
 primaryClass = {astro-ph.SR},
       adsurl = {https://ui.adsabs.harvard.edu/abs/2010ApJ...722..725Z},
      adsnote = {Provided by the SAO/NASA Astrophysics Data System}
}

@ARTICLE{Carter2022arX,
       author = {{Carter}, Aarynn L. and {Hinkley}, Sasha and {Kammerer}, Jens and {Skemer}, Andrew and {Biller}, Beth A. and {Leisenring}, Jarron M. and {Millar-Blanchaer}, Maxwell A. and {Petrus}, Simon and {Stone}, Jordan M. and {Ward-Duong}, Kimberly and {Wang}, Jason J. and {Girard}, Julien H. and {Hines}, Dean C. and {Perrin}, Marshall D. and {Pueyo}, Laurent and {Balmer}, William O. and {Bonavita}, Mariangela and {Bonnefoy}, Mickael and {Chauvin}, Gael and {Choquet}, Elodie and {Christiaens}, Valentin and {Danielski}, Camilla and {Kennedy}, Grant M. and {Matthews}, Elisabeth C. and {Miles}, Brittany E. and {Patapis}, Polychronis and {Ray}, Shrishmoy and {Rickman}, Emily and {Sallum}, Steph and {Stapelfeldt}, Karl R. and {Whiteford}, Niall and {Zhou}, Yifan and {Absil}, Olivier and {Boccaletti}, Anthony and {Booth}, Mark and {Bowler}, Brendan P. and {Chen}, Christine H. and {Currie}, Thayne and {Fortney}, Jonathan J. and {Grady}, Carol A. and {Greenbaum}, Alexandra Z. and {Henning}, Thomas and {Hoch}, Kielan K.~W. and {Janson}, Markus and {Kalas}, Paul and {Kenworthy}, Matthew A. and {Kervella}, Pierre and {Kraus}, Adam L. and {Lagage}, Pierre-Olivier and {Liu}, Michael C. and {Macintosh}, Bruce and {Marino}, Sebastian and {Marley}, Mark S. and {Marois}, Christian and {Matthews}, Brenda C. and {Mawet}, Dimitri and {McElwain}, Michael W. and {Metchev}, Stanimir and {Meyer}, Michael R. and {Molliere}, Paul and {Moran}, Sarah E. and {Morley}, Caroline V. and {Mukherjee}, Sagnick and {Pantin}, Eric and {Quirrenbach}, Andreas and {Rebollido}, Isabel and {Ren}, Bin B. and {Schneider}, Glenn and {Vasist}, Malavika and {Worthen}, Kadin and {Wyatt}, Mark C. and {Briesemeister}, Zackery W. and {Bryan}, Marta L. and {Calissendorff}, Per and {Cantalloube}, Faustine and {Cugno}, Gabriele and {De Furio}, Matthew and {Dupuy}, Trent J. and {Factor}, Samuel M. and {Faherty}, Jacqueline K. and {Fitzgerald}, Michael P. and {Franson}, Kyle and {Gonzales}, Eileen C. and {Hood}, Callie E. and {Howe}, Alex R. and {Kuzuhara}, Masayuki and {Lagrange}, Anne-Marie and {Lawson}, Kellen and {Lazzoni}, Cecilia and {Lew}, Ben W.~P. and {Liu}, Pengyu and {Llop-Sayson}, Jorge and {Lloyd}, James P. and {Martinez}, Raquel A. and {Mazoyer}, Johan and {Quanz}, Sascha P. and {Adams Redai}, Jea and {Samland}, Matthias and {Schlieder}, Joshua E. and {Tamura}, Motohide and {Tan}, Xianyu and {Uyama}, Taichi and {Vigan}, Arthur and {Vos}, Johanna M. and {Wagner}, Kevin and {Wolff}, Schuyler G. and {Ygouf}, Marie and {Zhang}, Xi and {Zhang}, Keming and {Zhang}, Zhoujian},
        title = "{The JWST Early Release Science Program for Direct Observations of Exoplanetary Systems I: High Contrast Imaging of the Exoplanet HIP 65426 b from 2-16 $\mu$m}",
      journal = {arXiv e-prints},
     keywords = {Astrophysics - Earth and Planetary Astrophysics},
         year = 2022,
        month = aug,
          eid = {arXiv:2208.14990},
        pages = {arXiv:2208.14990},
archivePrefix = {arXiv},
       eprint = {2208.14990},
 primaryClass = {astro-ph.EP},
       adsurl = {https://ui.adsabs.harvard.edu/abs/2022arXiv220814990C},
      adsnote = {Provided by the SAO/NASA Astrophysics Data System}
}

@ARTICLE{Hinkley2022PASP,
       author = {{Hinkley}, Sasha and {Carter}, Aarynn L. and {Ray}, Shrishmoy and {Skemer}, Andrew and {Biller}, Beth and {Choquet}, Elodie and {Millar-Blanchaer}, Maxwell A. and {Sallum}, Stephanie and {Miles}, Brittany and {Whiteford}, Niall and {Patapis}, Polychronis and {Perrin}, Marshall and {Pueyo}, Laurent and {Schneider}, Glenn and {Stapelfeldt}, Karl and {Wang}, Jason and {Ward-Duong}, Kimberly and {Bowler}, Brendan P. and {Boccaletti}, Anthony and {Girard}, Julien H. and {Hines}, Dean and {Kalas}, Paul and {Kammerer}, Jens and {Kervella}, Pierre and {Leisenring}, Jarron and {Pantin}, Eric and {Zhou}, Yifan and {Meyer}, Michael and {Liu}, Michael C. and {Bonnefoy}, Mickael and {Currie}, Thayne and {McElwain}, Michael and {Metchev}, Stanimir and {Wyatt}, Mark and {Absil}, Olivier and {Adams}, Jea and {Barman}, Travis and {Baraffe}, Isabelle and {Bonavita}, Mariangela and {Booth}, Mark and {Bryan}, Marta and {Chauvin}, Gael and {Chen}, Christine and {Danielski}, Camilla and {De Furio}, Matthew and {Factor}, Samuel M. and {Fitzgerald}, Michael P. and {Fortney}, Jonathan J. and {Grady}, Carol and {Greenbaum}, Alexandra and {Henning}, Thomas and {Hoch}, Kielan K.~W. and {Janson}, Markus and {Kennedy}, Grant and {Kenworthy}, Matthew and {Kraus}, Adam and {Kuzuhara}, Masayuki and {Lagage}, Pierre-Olivier and {Lagrange}, Anne-Marie and {Launhardt}, Ralf and {Lazzoni}, Cecilia and {Lloyd}, James and {Marino}, Sebastian and {Marley}, Mark and {Martinez}, Raquel and {Marois}, Christian and {Matthews}, Brenda and {Matthews}, Elisabeth C. and {Mawet}, Dimitri and {Mazoyer}, Johan and {Phillips}, Mark and {Petrus}, Simon and {Quanz}, Sascha P. and {Quirrenbach}, Andreas and {Rameau}, Julien and {Rebollido}, Isabel and {Rickman}, Emily and {Samland}, Matthias and {Sargent}, B. and {Schlieder}, Joshua E. and {Sivaramakrishnan}, Anand and {Stone}, Jordan M. and {Tamura}, Motohide and {Tremblin}, Pascal and {Uyama}, Taichi and {Vasist}, Malavika and {Vigan}, Arthur and {Wagner}, Kevin and {Ygouf}, Marie},
        title = "{The JWST Early Release Science Program for the Direct Imaging and Spectroscopy of Exoplanetary Systems}",
      journal = {\pasp},
     keywords = {Coronagraphic imaging, Direct imaging, Exoplanet detection methods, Space telescopes, Exoplanet atmospheres, 313, 387, 489, 1547, 487, Astrophysics - Earth and Planetary Astrophysics, Astrophysics - Instrumentation and Methods for Astrophysics, Astrophysics - Solar and Stellar Astrophysics},
         year = 2022,
        month = sep,
       volume = {134},
       number = {1039},
          eid = {095003},
        pages = {095003},
          doi = {10.1088/1538-3873/ac77bd},
archivePrefix = {arXiv},
       eprint = {2205.12972},
 primaryClass = {astro-ph.EP},
       adsurl = {https://ui.adsabs.harvard.edu/abs/2022PASP..134i5003H},
      adsnote = {Provided by the SAO/NASA Astrophysics Data System}
}

@ARTICLE{Poleski2021,
       author = {{Poleski}, R. and {Skowron}, J. and {Mr{\'o}z}, P. and {Udalski}, A. and {Szyma{\'n}ski}, M.~K. and {Pietrukowicz}, P. and {Ulaczyk}, K. and {Rybicki}, K. and {Iwanek}, P. and {Wrona}, M. and {Gromadzki}, M.},
        title = "{Wide-Orbit Exoplanets are Common. Analysis of Nearly 20 Years of OGLE Microlensing Survey Data}",
      journal = {\actaa},
     keywords = {Gravitational lensing: micro - Planetary systems, Astrophysics - Earth and Planetary Astrophysics, Astrophysics - Astrophysics of Galaxies, Astrophysics - Solar and Stellar Astrophysics},
         year = 2021,
        month = mar,
       volume = {71},
       number = {1},
        pages = {1-23},
          doi = {10.32023/0001-5237/71.1.1},
archivePrefix = {arXiv},
       eprint = {2104.02079},
 primaryClass = {astro-ph.EP},
       adsurl = {https://ui.adsabs.harvard.edu/abs/2021AcA....71....1P},
      adsnote = {Provided by the SAO/NASA Astrophysics Data System}
}


@ARTICLE{Vanderburg2020Nature,
       author = {{Vanderburg}, Andrew and {Rappaport}, Saul A. and {Xu}, Siyi and
         {Crossfield}, Ian J.~M. and {Becker}, Juliette C. and {Gary}, Bruce and
         {Murgas}, Felipe and {Blouin}, Simon and {Kaye}, Thomas G. and
         {Palle}, Enric and {Melis}, Carl and {Morris}, Brett M. and
         {Kreidberg}, Laura and {Gorjian}, Varoujan and {Morley}, Caroline V. and
         {Mann}, Andrew W. and {Parviainen}, Hannu and {Pearce}, Logan A. and
         {Newton}, Elisabeth R. and {Carrillo}, Andreia and {Zuckerman}, Ben and
         {Nelson}, Lorne and {Zeimann}, Greg and {Brown}, Warren R. and
         {Tronsgaard}, Ren{\'e} and {Klein}, Beth and {Ricker}, George R. and {Vand
        erspek}, Roland K. and {Latham}, David W. and {Seager}, Sara and
         {Winn}, Joshua N. and {Jenkins}, Jon M. and {Adams}, Fred C. and
         {Benneke}, Bj{\"o}rn and {Berardo}, David and {Buchhave}, Lars A. and
         {Caldwell}, Douglas A. and {Christiansen}, Jessie L. and
         {Collins}, Karen A. and {Col{\'o}n}, Knicole D. and {Daylan}, Tansu and
         {Doty}, John and {Doyle}, Alexandra E. and {Dragomir}, Diana and
         {Dressing}, Courtney and {Dufour}, Patrick and {Fukui}, Akihiko and
         {Glidden}, Ana and {Guerrero}, Natalia M. and {Guo}, Xueying and
         {Heng}, Kevin and {Henriksen}, Andreea I. and {Huang}, Chelsea X. and
         {Kaltenegger}, Lisa and {Kane}, Stephen R. and {Lewis}, John A. and
         {Lissauer}, Jack J. and {Morales}, Farisa and {Narita}, Norio and
         {Pepper}, Joshua and {Rose}, Mark E. and {Smith}, Jeffrey C. and
         {Stassun}, Keivan G. and {Yu}, Liang},
        title = "{A giant planet candidate transiting a white dwarf}",
      journal = {\nat},
     keywords = {Astrophysics - Earth and Planetary Astrophysics, Astrophysics - Solar and Stellar Astrophysics},
         year = 2020,
        month = sep,
       volume = {585},
       number = {7825},
        pages = {363-367},
          doi = {10.1038/s41586-020-2713-y},
archivePrefix = {arXiv},
       eprint = {2009.07282},
 primaryClass = {astro-ph.EP},
       adsurl = {https://ui.adsabs.harvard.edu/abs/2020Natur.585..363V},
      adsnote = {Provided by the SAO/NASA Astrophysics Data System}
}

@ARTICLE{WuCossas23,
       author = {{Wu}, Cossas K. -W. and {Ling}, Chih-Teng and {Goto}, Tomotsugu and {Kim}, Seong Jin and {Hashimoto}, Tetsuya and {Kilerci}, Ece and {Lin}, Yu-Wei and {Wang}, Po-Ya and {Uno}, Yuri and {Ho}, Simon C. -C. and {Hsiao}, Tiger Yu-Yang},
        title = "{Source counts at 7.7-21 {\ensuremath{\mu}}m in CEERS field with JWST}",
      journal = {\mnras},
     keywords = {galaxies: evolution, infrared: galaxies, Astrophysics - Astrophysics of Galaxies, Astrophysics - Cosmology and Nongalactic Astrophysics},
         year = 2023,
        month = aug,
       volume = {523},
       number = {4},
        pages = {5187-5197},
          doi = {10.1093/mnras/stad1769},
archivePrefix = {arXiv},
       eprint = {2209.01829},
 primaryClass = {astro-ph.GA},
       adsurl = {https://ui.adsabs.harvard.edu/abs/2023MNRAS.523.5187W},
      adsnote = {Provided by the SAO/NASA Astrophysics Data System}
}
@ARTICLE{Ling2022,
       author = {{Ling}, Chih-Teng and {Kim}, Seong Jin and {Wu}, Cossas K. -W. and {Goto}, Tomotsugu and {Kilerci}, Ece and {Hashimoto}, Tetsuya and {Lin}, Yu-Wei and {Wang}, Po-Ya and {Ho}, Simon C. -C. and {Hsiao}, Tiger Yu-Yang},
        title = "{Galaxy source counts at 7.7, 10, and 15 {\ensuremath{\mu}}m with the James Webb Space Telescope}",
      journal = {\mnras},
     keywords = {galaxies: evolution, infrared: galaxies, Astrophysics - Astrophysics of Galaxies, Astrophysics - Cosmology and Nongalactic Astrophysics},
         year = 2022,
        month = nov,
       volume = {517},
       number = {1},
        pages = {853-857},
          doi = {10.1093/mnras/stac2716},
archivePrefix = {arXiv},
       eprint = {2208.03954},
 primaryClass = {astro-ph.GA},
       adsurl = {https://ui.adsabs.harvard.edu/abs/2022MNRAS.517..853L},
      adsnote = {Provided by the SAO/NASA Astrophysics Data System}
}



@ARTICLE{WinnFabrycky2015,
       author = {{Winn}, Joshua N. and {Fabrycky}, Daniel C.},
        title = "{The Occurrence and Architecture of Exoplanetary Systems}",
      journal = {\araa},
     keywords = {Astrophysics - Earth and Planetary Astrophysics},
         year = 2015,
        month = aug,
       volume = {53},
        pages = {409-447},
          doi = {10.1146/annurev-astro-082214-12224610.48550/arXiv.1410.4199},
archivePrefix = {arXiv},
       eprint = {1410.4199},
 primaryClass = {astro-ph.EP},
       adsurl = {https://ui.adsabs.harvard.edu/abs/2015ARA&A..53..409W},
      adsnote = {Provided by the SAO/NASA Astrophysics Data System}
}


@ARTICLE{Rigby2022,
       author = {{Rigby}, Jane R. and {Lightsey}, Paul A. and {Garc{\'\i}a Mar{\'\i}n}, Macarena and {Bowers}, Charles W. and {Smith}, Erin C. and {Glasse}, Alistair and {McElwain}, Michael W. and {Rieke}, George H. and {Chary}, Ranga-Ram and {Liu}, Xiang and {Clampin}, Mark and {Kinzel}, Wayne and {Laidler}, Vicki and {Mehalick}, Kimberly I. and {Noriega-Crespo}, Alberto and {Shivaei}, Irene and {Stark}, Christopher and {Temim}, Tea and {Wei}, Zongying and {Willott}, Chris J.},
        title = "{How dark the sky: the JWST backgrounds}",
      journal = {arXiv e-prints},
     keywords = {Astrophysics - Instrumentation and Methods for Astrophysics},
         year = 2022,
        month = nov,
          eid = {arXiv:2211.09890},
        pages = {arXiv:2211.09890},
          doi = {10.48550/arXiv.2211.09890},
archivePrefix = {arXiv},
       eprint = {2211.09890},
 primaryClass = {astro-ph.IM},
       adsurl = {https://ui.adsabs.harvard.edu/abs/2022arXiv221109890R},
      adsnote = {Provided by the SAO/NASA Astrophysics Data System}
}

@ARTICLE{CEERS1,
       author = {{Finkelstein}, Steven L. and {Bagley}, Micaela B. and {Ferguson}, Henry C. and {Wilkins}, Stephen M. and {Kartaltepe}, Jeyhan S. and {Papovich}, Casey and {Yung}, L.~Y. Aaron and {Arrabal Haro}, Pablo and {Behroozi}, Peter and {Dickinson}, Mark and {Kocevski}, Dale D. and {Koekemoer}, Anton M. and {Larson}, Rebecca L. and {Le Bail}, Aurelien and {Morales}, Alexa M. and {Perez-Gonzalez}, Pablo G. and {Burgarella}, Denis and {Dave}, Romeel and {Hirschmann}, Michaela and {Somerville}, Rachel S. and {Wuyts}, Stijn and {Bromm}, Volker and {Casey}, Caitlin M. and {Fontana}, Adriano and {Fujimoto}, Seiji and {Gardner}, Jonathan P. and {Giavalisco}, Mauro and {Grazian}, Andrea and {Grogin}, Norman A. and {Hathi}, Nimish P. and {Hutchison}, Taylor A. and {Jha}, Saurabh W. and {Jogee}, Shardha and {Kewley}, Lisa J. and {Kirkpatrick}, Allison and {Long}, Arianna S. and {Lotz}, Jennifer M. and {Pentericci}, Laura and {Pierel}, Justin D.~R. and {Pirzkal}, Nor and {Ravindranath}, Swara and {Ryan}, Russell E., Jr and {Trump}, Jonathan R. and {Yang}, Guang and {Bhatawdekar}, Rachana and {Bisigello}, Laura and {Buat}, Veronique and {Calabro}, Antonello and {Castellano}, Marco and {Cleri}, Nikko J. and {Cooper}, M.~C. and {Croton}, Darren and {Daddi}, Emanuele and {Dekel}, Avishai and {Elbaz}, David and {Franco}, Maximilien and {Gawiser}, Eric and {Holwerda}, Benne W. and {Huertas-Company}, Marc and {Jaskot}, Anne E. and {Leung}, Gene C.~K. and {Lucas}, Ray A. and {Mobasher}, Bahram and {Pandya}, Viraj and {Tacchella}, Sandro and {Weiner}, Benjamin J. and {Zavala}, Jorge A.},
        title = "{CEERS Key Paper I: An Early Look into the First 500 Myr of Galaxy Formation with JWST}",
      journal = {arXiv e-prints},
     keywords = {Astrophysics - Astrophysics of Galaxies},
         year = 2022,
        month = nov,
          eid = {arXiv:2211.05792},
        pages = {arXiv:2211.05792},
          doi = {10.48550/arXiv.2211.05792},
archivePrefix = {arXiv},
       eprint = {2211.05792},
 primaryClass = {astro-ph.GA},
       adsurl = {https://ui.adsabs.harvard.edu/abs/2022arXiv221105792F},
      adsnote = {Provided by the SAO/NASA Astrophysics Data System}
}

@ARTICLE{Martinache2010KPI,
       author = {{Martinache}, Frantz},
        title = "{Kernel Phase in Fizeau Interferometry}",
      journal = {\apj},
     keywords = {binaries: close, methods: data analysis, stars: low-mass, techniques: high angular resolution, techniques: image processing, techniques: interferometric, Astrophysics - Instrumentation and Methods for Astrophysics},
         year = 2010,
        month = nov,
       volume = {724},
       number = {1},
        pages = {464-469},
          doi = {10.1088/0004-637X/724/1/464},
archivePrefix = {arXiv},
       eprint = {1009.3933},
 primaryClass = {astro-ph.IM},
       adsurl = {https://ui.adsabs.harvard.edu/abs/2010ApJ...724..464M},
      adsnote = {Provided by the SAO/NASA Astrophysics Data System}
}

@ARTICLE{Pope2013KPI,
       author = {{Pope}, Benjamin and {Martinache}, Frantz and {Tuthill}, Peter},
        title = "{Dancing in the Dark: New Brown Dwarf Binaries from Kernel Phase Interferometry}",
      journal = {\apj},
     keywords = {brown dwarfs, stars: formation, stars: low-mass, techniques: high angular resolution, techniques: image processing, techniques: interferometric, Astrophysics - Solar and Stellar Astrophysics, Astrophysics - Earth and Planetary Astrophysics, Astrophysics - Instrumentation and Methods for Astrophysics},
         year = 2013,
        month = apr,
       volume = {767},
       number = {2},
          eid = {110},
        pages = {110},
          doi = {10.1088/0004-637X/767/2/110},
archivePrefix = {arXiv},
       eprint = {1302.6682},
 primaryClass = {astro-ph.SR},
       adsurl = {https://ui.adsabs.harvard.edu/abs/2013ApJ...767..110P},
      adsnote = {Provided by the SAO/NASA Astrophysics Data System}
}

@ARTICLE{Grunblatt2022,
       author = {{Grunblatt}, Samuel K. and {Saunders}, Nicholas and {Sun}, Meng and {Chontos}, Ashley and {Soares-Furtado}, Melinda and {Eisner}, Nora and {Pereira}, Filipe and {Komacek}, Thaddeus and {Huber}, Daniel and {Collins}, Karen and {Wang}, Gavin and {Stockdale}, Chris and {Quinn}, Samuel N. and {Tronsgaard}, Rene and {Zhou}, George and {Nowak}, Grzegorz and {Deeg}, Hans J. and {Ciardi}, David R. and {Boyle}, Andrew and {Rice}, Malena and {Dai}, Fei and {Blunt}, Sarah and {Van Zandt}, Judah and {Beard}, Corey and {Akana Murphy}, Joseph M. and {Dalba}, Paul A. and {Lubin}, Jack and {Polanski}, Alex and {Brinkman}, Casey Lynn and {Howard}, Andrew W. and {Buchhave}, Lars A. and {Angus}, Ruth and {Ricker}, George R. and {Jenkins}, Jon M. and {Wohler}, Bill and {Goeke}, Robert F. and {Levine}, Alan M. and {Colon}, Knicole D. and {Huang}, Chelsea X. and {Kunimoto}, Michelle and {Shporer}, Avi and {Latham}, David W. and {Seager}, Sara and {Vanderspek}, Roland K. and {Winn}, Joshua N.},
        title = "{TESS Giants Transiting Giants. II. The Hottest Jupiters Orbiting Evolved Stars}",
      journal = {\aj},
     keywords = {486, 2177, 1599, Astrophysics - Earth and Planetary Astrophysics},
         year = 2022,
        month = mar,
       volume = {163},
       number = {3},
          eid = {120},
        pages = {120},
          doi = {10.3847/1538-3881/ac4972},
archivePrefix = {arXiv},
       eprint = {2201.04140},
 primaryClass = {astro-ph.EP},
       adsurl = {https://ui.adsabs.harvard.edu/abs/2022AJ....163..120G},
      adsnote = {Provided by the SAO/NASA Astrophysics Data System}
}

@ARTICLE{Hatzes2003,
       author = {{Hatzes}, Artie P. and {Cochran}, William D. and {Endl}, Michael and {McArthur}, Barbara and {Paulson}, Diane B. and {Walker}, Gordon A.~H. and {Campbell}, Bruce and {Yang}, Stephenson},
        title = "{A Planetary Companion to {\ensuremath{\gamma}} Cephei A}",
      journal = {\apj},
     keywords = {Stars: Planetary Systems, Stars: Individual: Constellation Name: {\ensuremath{\gamma}} Cephei A, Techniques: Radial Velocities, Astrophysics},
         year = 2003,
        month = dec,
       volume = {599},
       number = {2},
        pages = {1383-1394},
          doi = {10.1086/379281},
archivePrefix = {arXiv},
       eprint = {astro-ph/0305110},
 primaryClass = {astro-ph},
       adsurl = {https://ui.adsabs.harvard.edu/abs/2003ApJ...599.1383H},
      adsnote = {Provided by the SAO/NASA Astrophysics Data System}
}

@ARTICLE{Zuckerman2010,
       author = {{Zuckerman}, B. and {Melis}, C. and {Klein}, B. and {Koester}, D. and {Jura}, M.},
        title = "{Ancient Planetary Systems are Orbiting a Large Fraction of White Dwarf Stars}",
      journal = {\apj},
     keywords = {planetary systems, white dwarfs, Astrophysics - Solar and Stellar Astrophysics},
         year = 2010,
        month = oct,
       volume = {722},
       number = {1},
        pages = {725-736},
          doi = {10.1088/0004-637X/722/1/725},
archivePrefix = {arXiv},
       eprint = {1007.2252},
 primaryClass = {astro-ph.SR},
       adsurl = {https://ui.adsabs.harvard.edu/abs/2010ApJ...722..725Z},
      adsnote = {Provided by the SAO/NASA Astrophysics Data System}
}

@ARTICLE{Debes2005,
       author = {{Debes}, John H. and {Sigurdsson}, Steinn and {Woodgate}, Bruce E.},
        title = "{Cool Customers in the Stellar Graveyard. I. Limits to Extrasolar Planets Around the White Dwarf G29-38}",
      journal = {\apj},
     keywords = {Stars: Circumstellar Matter, Stars: Planetary Systems, Stars: Individual: Alphanumeric: G29-38, Stars: White Dwarfs, Astrophysics},
         year = 2005,
        month = nov,
       volume = {633},
       number = {2},
        pages = {1168-1174},
          doi = {10.1086/491640},
archivePrefix = {arXiv},
       eprint = {astro-ph/0412668},
 primaryClass = {astro-ph},
       adsurl = {https://ui.adsabs.harvard.edu/abs/2005ApJ...633.1168D},
      adsnote = {Provided by the SAO/NASA Astrophysics Data System}
}
@ARTICLE{Reach2005ApJ...635L.161R,
       author = {{Reach}, William T. and {Kuchner}, Marc J. and {von Hippel}, Ted and {Burrows}, Adam and {Mullally}, Fergal and {Kilic}, Mukremin and {Winget}, D.~E.},
        title = "{The Dust Cloud around the White Dwarf G29-38}",
      journal = {\apjl},
     keywords = {Infrared: Stars, Stars: Individual: Alphanumeric: G29-38, stars: individual (WD 2326+049), Stars: White Dwarfs, Astrophysics},
         year = 2005,
        month = dec,
       volume = {635},
       number = {2},
        pages = {L161-L164},
          doi = {10.1086/499561},
archivePrefix = {arXiv},
       eprint = {astro-ph/0511358},
 primaryClass = {astro-ph},
       adsurl = {https://ui.adsabs.harvard.edu/abs/2005ApJ...635L.161R},
      adsnote = {Provided by the SAO/NASA Astrophysics Data System}
}

@ARTICLE{Farihi2009,
       author = {{Farihi}, J.},
        title = "{IRTF observations of white dwarfs with possible near-infrared excess}",
      journal = {\mnras},
     keywords = {binaries: general, circumstellar matter, stars: evolution, stars: low-mass, brown dwarfs, white dwarfs, infrared: stars, Astrophysics - Solar and Stellar Astrophysics},
         year = 2009,
        month = oct,
       volume = {398},
       number = {4},
        pages = {2091-2109},
          doi = {10.1111/j.1365-2966.2009.15250.x},
archivePrefix = {arXiv},
       eprint = {0906.3292},
 primaryClass = {astro-ph.SR},
       adsurl = {https://ui.adsabs.harvard.edu/abs/2009MNRAS.398.2091F},
      adsnote = {Provided by the SAO/NASA Astrophysics Data System}
}

@ARTICLE{Becklin2005,
       author = {{Becklin}, E.~E. and {Farihi}, J. and {Jura}, M. and {Song}, Inseok and {Weinberger}, A.~J. and {Zuckerman}, B.},
        title = "{A Dusty Disk around GD 362, a White Dwarf with a Uniquely High Photospheric Metal Abundance}",
      journal = {\apjl},
     keywords = {Stars: Circumstellar Matter, Minor Planets, Asteroids, Stars: White Dwarfs, Astrophysics},
         year = 2005,
        month = oct,
       volume = {632},
       number = {2},
        pages = {L119-L122},
          doi = {10.1086/497826},
archivePrefix = {arXiv},
       eprint = {astro-ph/0509193},
 primaryClass = {astro-ph},
       adsurl = {https://ui.adsabs.harvard.edu/abs/2005ApJ...632L.119B},
      adsnote = {Provided by the SAO/NASA Astrophysics Data System}
}

@ARTICLE{Wilson2019,
       author = {{Wilson}, Thomas G. and {Farihi}, Jay and {G{\"a}nsicke}, Boris T. and {Swan}, Andrew},
        title = "{The unbiased frequency of planetary signatures around single and binary white dwarfs using Spitzer and Hubble}",
      journal = {\mnras},
     keywords = {binaries: general, circumstellar matter, white dwarfs, infrared: planetary systems, Astrophysics - Earth and Planetary Astrophysics, Astrophysics - Solar and Stellar Astrophysics},
         year = 2019,
        month = jul,
       volume = {487},
       number = {1},
        pages = {133-146},
          doi = {10.1093/mnras/stz1050},
archivePrefix = {arXiv},
       eprint = {1904.05891},
 primaryClass = {astro-ph.EP},
       adsurl = {https://ui.adsabs.harvard.edu/abs/2019MNRAS.487..133W},
      adsnote = {Provided by the SAO/NASA Astrophysics Data System}
}

@ARTICLE{Jura1998,
       author = {{Jura}, M. and {Turner}, J.},
        title = "{A mysterious dust clump in a disk around an evolved binary star system}",
      journal = {\nat},
         year = 1998,
        month = sep,
       volume = {395},
       number = {6698},
        pages = {144-145},
          doi = {10.1038/25938},
       adsurl = {https://ui.adsabs.harvard.edu/abs/1998Natur.395..144J},
      adsnote = {Provided by the SAO/NASA Astrophysics Data System}
}

@ARTICLE{Ackerman2001,
       author = {{Ackerman}, Andrew S. and {Marley}, Mark S.},
        title = "{Precipitating Condensation Clouds in Substellar Atmospheres}",
      journal = {\apj},
     keywords = {Stars: Planetary Systems, Stars: Low-Mass, Brown Dwarfs, Astrophysics},
         year = 2001,
        month = aug,
       volume = {556},
       number = {2},
        pages = {872-884},
          doi = {10.1086/321540},
archivePrefix = {arXiv},
       eprint = {astro-ph/0103423},
 primaryClass = {astro-ph},
       adsurl = {https://ui.adsabs.harvard.edu/abs/2001ApJ...556..872A},
      adsnote = {Provided by the SAO/NASA Astrophysics Data System}
}

@ARTICLE{Johnson2010,
       author = {{Johnson}, John Asher and {Aller}, Kimberly M. and {Howard}, Andrew W. and {Crepp}, Justin R.},
        title = "{Giant Planet Occurrence in the Stellar Mass-Metallicity Plane}",
      journal = {\pasp},
     keywords = {Astrophysics - Earth and Planetary Astrophysics, Astrophysics - Solar and Stellar Astrophysics},
         year = 2010,
        month = aug,
       volume = {122},
       number = {894},
        pages = {905},
          doi = {10.1086/655775},
archivePrefix = {arXiv},
       eprint = {1005.3084},
 primaryClass = {astro-ph.EP},
       adsurl = {https://ui.adsabs.harvard.edu/abs/2010PASP..122..905J},
      adsnote = {Provided by the SAO/NASA Astrophysics Data System}
}

@ARTICLE{Rosenthal2021,
       author = {{Rosenthal}, Lee J. and {Fulton}, Benjamin J. and {Hirsch}, Lea A. and {Isaacson}, Howard T. and {Howard}, Andrew W. and {Dedrick}, Cayla M. and {Sherstyuk}, Ilya A. and {Blunt}, Sarah C. and {Petigura}, Erik A. and {Knutson}, Heather A. and {Behmard}, Aida and {Chontos}, Ashley and {Crepp}, Justin R. and {Crossfield}, Ian J.~M. and {Dalba}, Paul A. and {Fischer}, Debra A. and {Henry}, Gregory W. and {Kane}, Stephen R. and {Kosiarek}, Molly and {Marcy}, Geoffrey W. and {Rubenzahl}, Ryan A. and {Weiss}, Lauren M. and {Wright}, Jason T.},
        title = "{The California Legacy Survey. I. A Catalog of 178 Planets from Precision Radial Velocity Monitoring of 719 Nearby Stars over Three Decades}",
      journal = {\apjs},
     keywords = {Exoplanet catalogs, Exoplanet astronomy, Radial velocity, 488, 486, 1332, Astrophysics - Earth and Planetary Astrophysics},
         year = 2021,
        month = jul,
       volume = {255},
       number = {1},
          eid = {8},
        pages = {8},
          doi = {10.3847/1538-4365/abe23c},
archivePrefix = {arXiv},
       eprint = {2105.11583},
 primaryClass = {astro-ph.EP},
       adsurl = {https://ui.adsabs.harvard.edu/abs/2021ApJS..255....8R},
      adsnote = {Provided by the SAO/NASA Astrophysics Data System}
}

@ARTICLE{Poulsen2023,
       author = {{Poulsen}, Sabrina and {Debes}, John and {Cracraft}, Misty and {Mullally}, Susan E. and {Reach}, William T. and {Kilic}, Mukremin and {Mullally}, Fergal and {Albert}, Loic and {Thibault}, Katherine and {Hermes}, J.~J. and {Barclay}, Thomas and {Quintana}, Elisa V.},
        title = "{A MIRI Search for Planets and Dust Around WD 2149+02}",
      journal = {arXiv e-prints},
     keywords = {Astrophysics - Earth and Planetary Astrophysics, Astrophysics - Solar and Stellar Astrophysics},
         year = 2023,
        month = nov,
          eid = {arXiv:2311.14165},
        pages = {arXiv:2311.14165},
          doi = {10.48550/arXiv.2311.14165},
archivePrefix = {arXiv},
       eprint = {2311.14165},
 primaryClass = {astro-ph.EP},
       adsurl = {https://ui.adsabs.harvard.edu/abs/2023arXiv231114165P},
      adsnote = {Provided by the SAO/NASA Astrophysics Data System}
}


@ARTICLE{Jura07,
       author = {{Jura}, M. and {Farihi}, J. and {Zuckerman}, B.},
        title = "{Externally Polluted White Dwarfs with Dust Disks}",
      journal = {\apj},
     keywords = {Stars: Circumstellar Matter, Minor Planets, Asteroids, Stars: White Dwarfs, Astrophysics},
         year = 2007,
        month = jul,
       volume = {663},
       number = {2},
        pages = {1285-1290},
          doi = {10.1086/518767},
archivePrefix = {arXiv},
       eprint = {0704.1170},
 primaryClass = {astro-ph},
       adsurl = {https://ui.adsabs.harvard.edu/abs/2007ApJ...663.1285J},
      adsnote = {Provided by the SAO/NASA Astrophysics Data System}
}


@ARTICLE{Jura98,
       author = {{Jura}, M. and {Turner}, J.},
        title = "{A mysterious dust clump in a disk around an evolved binary star system}",
      journal = {\nat},
         year = 1998,
        month = sep,
       volume = {395},
       number = {6698},
        pages = {144-145},
          doi = {10.1038/25938},
       adsurl = {https://ui.adsabs.harvard.edu/abs/1998Natur.395..144J},
      adsnote = {Provided by the SAO/NASA Astrophysics Data System}
}

@ARTICLE{Gianninas2011ApJ,
       author = {{Gianninas}, A. and {Bergeron}, P. and {Ruiz}, M.~T.},
        title = "{A Spectroscopic Survey and Analysis of Bright, Hydrogen-rich White Dwarfs}",
      journal = {\apj},
     keywords = {binaries: spectroscopic, stars: fundamental parameters, surveys, techniques: spectroscopic, white dwarfs, Astrophysics - Solar and Stellar Astrophysics},
         year = 2011,
        month = dec,
       volume = {743},
       number = {2},
          eid = {138},
        pages = {138},
          doi = {10.1088/0004-637X/743/2/138},
archivePrefix = {arXiv},
       eprint = {1109.3171},
 primaryClass = {astro-ph.SR},
       adsurl = {https://ui.adsabs.harvard.edu/abs/2011ApJ...743..138G},
      adsnote = {Provided by the SAO/NASA Astrophysics Data System}
}

@ARTICLE{Caron2023,
       author = {{Caron}, Alexandre and {Bergeron}, P. and {Blouin}, Simon and {Leggett}, S.~K.},
        title = "{A spectrophotometric analysis of cool white dwarfs in the Gaia and pan-STARRS footprint}",
      journal = {\mnras},
     keywords = {stars: abundances, stars: evolution, stars: fundamental parameters, stars: luminosity function, mass function, white dwarfs, Astrophysics - Solar and Stellar Astrophysics, Astrophysics - Earth and Planetary Astrophysics},
         year = 2023,
        month = mar,
       volume = {519},
       number = {3},
        pages = {4529-4549},
          doi = {10.1093/mnras/stac3733},
archivePrefix = {arXiv},
       eprint = {2212.08014},
 primaryClass = {astro-ph.SR},
       adsurl = {https://ui.adsabs.harvard.edu/abs/2023MNRAS.519.4529C},
      adsnote = {Provided by the SAO/NASA Astrophysics Data System}
}

@MISC{Kiman2022,
       author = {{Kiman}, Rocio},
        title = "{rkiman/wdwarfdate: First release of wdwarfdate}",
 howpublished = {Zenodo},
         year = 2022,
        month = jun,
          eid = {10.5281/zenodo.6633759},
          doi = {10.5281/zenodo.6633759},
      version = {v1.0.0},
    publisher = {Zenodo},
       adsurl = {https://ui.adsabs.harvard.edu/abs/2022zndo...6633759K},
      adsnote = {Provided by the SAO/NASA Astrophysics Data System}
}

@ARTICLE{Marigo2020Nat,
       author = {{Marigo}, Paola and {Cummings}, Jeffrey D. and {Curtis}, Jason Lee and {Kalirai}, Jason and {Chen}, Yang and {Tremblay}, Pier-Emmanuel and {Ramirez-Ruiz}, Enrico and {Bergeron}, Pierre and {Bladh}, Sara and {Bressan}, Alessandro and {Girardi}, L{\'e}o and {Pastorelli}, Giada and {Trabucchi}, Michele and {Cheng}, Sihao and {Aringer}, Bernhard and {Tio}, Piero Dal},
        title = "{Carbon star formation as seen through the non-monotonic initial-final mass relation}",
      journal = {Nature Astronomy},
     keywords = {Astrophysics - Solar and Stellar Astrophysics},
         year = 2020,
        month = jul,
       volume = {4},
        pages = {1102-1110},
          doi = {10.1038/s41550-020-1132-1},
archivePrefix = {arXiv},
       eprint = {2007.04163},
 primaryClass = {astro-ph.SR},
       adsurl = {https://ui.adsabs.harvard.edu/abs/2020NatAs...4.1102M},
      adsnote = {Provided by the SAO/NASA Astrophysics Data System}
}


@ARTICLE{Martinache2010,
       author = {{Martinache}, Frantz},
        title = "{Kernel Phase in Fizeau Interferometry}",
      journal = {\apj},
     keywords = {binaries: close, methods: data analysis, stars: low-mass, techniques: high angular resolution, techniques: image processing, techniques: interferometric, Astrophysics - Instrumentation and Methods for Astrophysics},
         year = 2010,
        month = nov,
       volume = {724},
       number = {1},
        pages = {464-469},
          doi = {10.1088/0004-637X/724/1/464},
archivePrefix = {arXiv},
       eprint = {1009.3933},
 primaryClass = {astro-ph.IM},
       adsurl = {https://ui.adsabs.harvard.edu/abs/2010ApJ...724..464M},
      adsnote = {Provided by the SAO/NASA Astrophysics Data System}
}

@ARTICLE{Phillips2020,
       author = {{Phillips}, M.~W. and {Tremblin}, P. and {Baraffe}, I. and {Chabrier}, G. and {Allard}, N.~F. and {Spiegelman}, F. and {Goyal}, J.~M. and {Drummond}, B. and {H{\'e}brard}, E.},
        title = "{A new set of atmosphere and evolution models for cool T-Y brown dwarfs and giant exoplanets}",
      journal = {\aap},
     keywords = {brown dwarfs, planets and satellites: atmospheres, stars: evolution, Astrophysics - Solar and Stellar Astrophysics, Astrophysics - Earth and Planetary Astrophysics},
         year = 2020,
        month = may,
       volume = {637},
          eid = {A38},
        pages = {A38},
          doi = {10.1051/0004-6361/201937381},
archivePrefix = {arXiv},
       eprint = {2003.13717},
 primaryClass = {astro-ph.SR},
       adsurl = {https://ui.adsabs.harvard.edu/abs/2020A&A...637A..38P},
      adsnote = {Provided by the SAO/NASA Astrophysics Data System}
}

@ARTICLE{Kunde1982,
       author = {{Kunde}, V. and {Hanel}, R. and {Maguire}, W. and {Gautier}, D. and {Baluteau}, J.~P. and {Marten}, A. and {Chedin}, A. and {Husson}, N. and {Scott}, N.},
        title = "{The tropospheric gas composition of Jupiter's north equatorial belt /NH3, PH3, CH3D, GeH4, H2O/ and the Jovian D/H isotopic ratio}",
      journal = {\apj},
     keywords = {Atmospheric Composition, Equatorial Atmosphere, Gas Composition, Infrared Spectra, Jupiter Atmosphere, Troposphere, Altitude, Baryons, Chemical Analysis, Isotopes, Radiative Transfer, Spatial Resolution, Voyager 1 Spacecraft, JUPITER, TROPOSPHERE, GASES, COMPOSITION, EQUATORIAL REGIONS, WATER, AMMONIA, PHOSPHINE, DEUTERIUM, HYDROGEN, ISOTOPIC RATIOS, VOYAGER 1 MISSION, IRIS INSTRUMENT, SPACECRAFT OBSERVATIONS, ABUNDANCE, SPECTRA, COMPARISONS, ATMOSPHERE, Lunar and Planetary Exploration; Jupiter},
         year = 1982,
        month = dec,
       volume = {263},
        pages = {443-467},
          doi = {10.1086/160516},
       adsurl = {https://ui.adsabs.harvard.edu/abs/1982ApJ...263..443K},
      adsnote = {Provided by the SAO/NASA Astrophysics Data System}
}

@ARTICLE{Luhman2014,
       author = {{Luhman}, K.~L. and {Morley}, C.~V. and {Burgasser}, A.~J. and {Esplin}, T.~L. and {Bochanski}, J.~J.},
        title = "{Near-infrared Detection of WD 0806-661 B with the Hubble Space Telescope}",
      journal = {\apj},
     keywords = {binaries: visual, brown dwarfs, infrared: planetary systems, infrared: stars, planets and satellites: atmospheres, Astrophysics - Astrophysics of Galaxies, Astrophysics - Solar and Stellar Astrophysics},
         year = 2014,
        month = oct,
       volume = {794},
       number = {1},
          eid = {16},
        pages = {16},
          doi = {10.1088/0004-637X/794/1/16},
archivePrefix = {arXiv},
       eprint = {1409.5897},
 primaryClass = {astro-ph.GA},
       adsurl = {https://ui.adsabs.harvard.edu/abs/2014ApJ...794...16L},
      adsnote = {Provided by the SAO/NASA Astrophysics Data System}
}

@ARTICLE{ETCJupiter2009Icar,
       author = {{Fletcher}, L.~N. and {Orton}, G.~S. and {Teanby}, N.~A. and {Irwin}, P.~G.~J.},
        title = "{Phosphine on Jupiter and Saturn from Cassini/CIRS}",
      journal = {\icarus},
     keywords = {Earth Science},
         year = 2009,
        month = aug,
       volume = {202},
       number = {2},
        pages = {543-564},
          doi = {10.1016/j.icarus.2009.03.023},
       adsurl = {https://ui.adsabs.harvard.edu/abs/2009Icar..202..543F},
      adsnote = {Provided by the SAO/NASA Astrophysics Data System}
}
@ARTICLE{Marley2021,
       author = {{Marley}, Mark S. and {Saumon}, Didier and {Visscher}, Channon and {Lupu}, Roxana and {Freedman}, Richard and {Morley}, Caroline and {Fortney}, Jonathan J. and {Seay}, Christopher and {Smith}, Adam J.~R.~W. and {Teal}, D.~J. and {Wang}, Ruoyan},
        title = "{The Sonora Brown Dwarf Atmosphere and Evolution Models. I. Model Description and Application to Cloudless Atmospheres in Rainout Chemical Equilibrium}",
      journal = {\apj},
     keywords = {Brown dwarfs, T dwarfs, L dwarfs, L subdwarfs, T subdwarfs, Y dwarfs, Stellar atmospheres, 185, 1679, 894, 896, 1680, 1827, 1584, Astrophysics - Solar and Stellar Astrophysics, Astrophysics - Earth and Planetary Astrophysics},
         year = 2021,
        month = oct,
       volume = {920},
       number = {2},
          eid = {85},
        pages = {85},
          doi = {10.3847/1538-4357/ac141d},
archivePrefix = {arXiv},
       eprint = {2107.07434},
 primaryClass = {astro-ph.SR},
       adsurl = {https://ui.adsabs.harvard.edu/abs/2021ApJ...920...85M},
      adsnote = {Provided by the SAO/NASA Astrophysics Data System}
}

@MISC{Mullally2021jwst.prop.1911M,
       author = {{Mullally}, Susan Elizabeth and {Mullally}, Fergal and {Albert}, Loic and {Barclay}, Thomas and {Debes}, John Henry and {Kilic}, Mukremin and {Kuchner}, Marc Jason and {Quintana}, Elisa V. and {Reach}, William},
        title = "{A Search for the Giant Planets that Drive White Dwarf Accretion}",
 howpublished = {JWST Proposal. Cycle 1, ID. \#1911},
         year = 2021,
        month = mar,
        pages = {1911},
       adsurl = {https://ui.adsabs.harvard.edu/abs/2021jwst.prop.1911M},
      adsnote = {Provided by the SAO/NASA Astrophysics Data System}
}

@ARTICLE{Hardy2023,
       author = {{Hardy}, Fran{\c{c}}ois and {Dufour}, Patrick and {Jordan}, Stefan},
        title = "{Spectrophotometric analysis of magnetic white dwarf - I. Hydrogen-rich compositions}",
      journal = {\mnras},
     keywords = {stars: magnetic field, (stars:) white dwarfs, techniques: photometric, techniques: spectroscopic, Astrophysics - Solar and Stellar Astrophysics},
         year = 2023,
        month = apr,
       volume = {520},
       number = {4},
        pages = {6111-6134},
          doi = {10.1093/mnras/stad196},
archivePrefix = {arXiv},
       eprint = {2301.06596},
 primaryClass = {astro-ph.SR},
       adsurl = {https://ui.adsabs.harvard.edu/abs/2023MNRAS.520.6111H},
      adsnote = {Provided by the SAO/NASA Astrophysics Data System}
}

@ARTICLE{Bedard2020,
       author = {{B{\'e}dard}, A. and {Bergeron}, P. and {Brassard}, P. and {Fontaine}, G.},
        title = "{On the Spectral Evolution of Hot White Dwarf Stars. I. A Detailed Model Atmosphere Analysis of Hot White Dwarfs from SDSS DR12}",
      journal = {\apj},
     keywords = {White dwarf stars, Late stellar evolution, Atmospheric composition, Stellar atmospheres, 1799, 911, 2120, 1584, Astrophysics - Solar and Stellar Astrophysics},
         year = 2020,
        month = oct,
       volume = {901},
       number = {2},
          eid = {93},
        pages = {93},
          doi = {10.3847/1538-4357/abafbe},
archivePrefix = {arXiv},
       eprint = {2008.07469},
 primaryClass = {astro-ph.SR},
       adsurl = {https://ui.adsabs.harvard.edu/abs/2020ApJ...901...93B},
      adsnote = {Provided by the SAO/NASA Astrophysics Data System}
}

@article{Cummings2018,
doi = {10.3847/1538-4357/aadfd6},
url = {https://dx.doi.org/10.3847/1538-4357/aadfd6},
year = {2018},
month = {oct},
publisher = {The American Astronomical Society},
volume = {866},
number = {1},
pages = {21},
author = {Jeffrey D. Cummings and Jason S. Kalirai and P.-E. Tremblay and Enrico Ramirez-Ruiz and Jieun Choi},
title = {The White Dwarf Initial–Final Mass Relation for Progenitor Stars from 0.85 to 7.5 M⊙*},
journal = {The Astrophysical Journal},
abstract = {We present the initial–final mass relation (IFMR) based on the self-consistent analysis of Sirius B and 79 white dwarfs from 13 star clusters. We have also acquired additional signal on eight white dwarfs previously analyzed in the NGC 2099 cluster field, four of which are consistent with membership. These re-observed white dwarfs have masses ranging from 0.72 to 0.97 M⊙, with initial masses from 3.0 to 3.65 M⊙, where the IFMR has an important change in slope that these new data help to observationally confirm. In total, this directly measured IFMR has small scatter (σ = 0.06 M⊙) and spans from progenitors of 0.85 to 7.5 M⊙. Applying two different stellar evolutionary models to infer two different sets of white dwarf progenitor masses shows that, when the same model is also used to derive the cluster ages, the resulting IFMR has weak sensitivity to the adopted model at all but the highest initial masses (&gt;5.5 M⊙). The nonlinearity of the IFMR is also clearly observed with moderate slopes at lower masses (0.08 Mfinal/Minitial) and higher masses (0.11 Mfinal/Minitial) that are broken up by a steep slope (0.19 Mfinal/Minitial) between progenitors from 2.85 to 3.6 M⊙. This IFMR shows total stellar mass loss ranges from 33% of Minitial at 0.83 M⊙ to 83% of Minitial at 7.5 M⊙. Testing this total mass loss for dependence on progenitor metallicity, however, finds no detectable sensitivity across the moderate range of −0.15 &lt; [Fe/H] &lt; +0.15.}
}

@INPROCEEDINGS{MontrealWDDB2017,
       author = {{Dufour}, P. and {Blouin}, S. and {Coutu}, S. and {Fortin-Archambault}, M. and {Thibeault}, C. and {Bergeron}, P. and {Fontaine}, G.},
        title = "{The Montreal White Dwarf Database: A Tool for the Community}",
     keywords = {Astrophysics - Solar and Stellar Astrophysics, Astrophysics - Instrumentation and Methods for Astrophysics},
    booktitle = {20th European White Dwarf Workshop},
         year = 2017,
       editor = {{Tremblay}, P. -E. and {Gaensicke}, B. and {Marsh}, T.},
       series = {Astronomical Society of the Pacific Conference Series},
       volume = {509},
        month = mar,
        pages = {3},
          doi = {10.48550/arXiv.1610.00986},
archivePrefix = {arXiv},
       eprint = {1610.00986},
 primaryClass = {astro-ph.SR},
       adsurl = {https://ui.adsabs.harvard.edu/abs/2017ASPC..509....3D},
      adsnote = {Provided by the SAO/NASA Astrophysics Data System}
}

@ARTICLE{Ferrario2015,
       author = {{Ferrario}, Lilia and {de Martino}, Domitilla and {G{\"a}nsicke}, Boris T.},
        title = "{Magnetic White Dwarfs}",
      journal = {\ssr},
     keywords = {Magnetic fields, Magnetic white dwarfs, Magnetic cataclysmic variables, Binary systems, Astrophysics - Solar and Stellar Astrophysics},
         year = 2015,
        month = oct,
       volume = {191},
       number = {1-4},
        pages = {111-169},
          doi = {10.1007/s11214-015-0152-0},
archivePrefix = {arXiv},
       eprint = {1504.08072},
 primaryClass = {astro-ph.SR},
       adsurl = {https://ui.adsabs.harvard.edu/abs/2015SSRv..191..111F},
      adsnote = {Provided by the SAO/NASA Astrophysics Data System}
}

@ARTICLE{Wolszczan1992Natur,
       author = {{Wolszczan}, A. and {Frail}, D.~A.},
        title = "{A planetary system around the millisecond pulsar PSR1257 + 12}",
      journal = {\nat},
     keywords = {Binary Stars, Extrasolar Planets, Orbital Mechanics, Planetary Systems, Pulsars, Accretion Disks, Least Squares Method, Neutron Stars, Radio Astronomy, Supernova Remnants, Astrophysics},
         year = 1992,
        month = jan,
       volume = {355},
       number = {6356},
        pages = {145-147},
          doi = {10.1038/355145a0},
       adsurl = {https://ui.adsabs.harvard.edu/abs/1992Natur.355..145W},
      adsnote = {Provided by the SAO/NASA Astrophysics Data System}
}

@ARTICLE{Luhman2011,
       author = {{Luhman}, K.~L. and {Burgasser}, A.~J. and {Bochanski}, J.~J.},
        title = "{Discovery of a Candidate for the Coolest Known Brown Dwarf}",
      journal = {\apjl},
     keywords = {binaries: visual, brown dwarfs, infrared: planetary systems, planetary systems, planets and satellites: atmospheres, Astrophysics - Astrophysics of Galaxies},
         year = 2011,
        month = mar,
       volume = {730},
       number = {1},
          eid = {L9},
        pages = {L9},
          doi = {10.1088/2041-8205/730/1/L9},
archivePrefix = {arXiv},
       eprint = {1102.5411},
 primaryClass = {astro-ph.GA},
       adsurl = {https://ui.adsabs.harvard.edu/abs/2011ApJ...730L...9L},
      adsnote = {Provided by the SAO/NASA Astrophysics Data System}
}

@ARTICLE{vansluijs2018,
       author = {{van Sluijs}, L. and {Van Eylen}, V.},
        title = "{The occurrence of planets and other substellar bodies around white dwarfs using K2}",
      journal = {\mnras},
     keywords = {methods: data analysis, occultations, planets and satellites: dynamical evolution and stability, Planetary Systems, white dwarfs, Astrophysics - Earth and Planetary Astrophysics},
         year = 2018,
        month = mar,
       volume = {474},
       number = {4},
        pages = {4603-4611},
          doi = {10.1093/mnras/stx3068},
archivePrefix = {arXiv},
       eprint = {1711.09691},
 primaryClass = {astro-ph.EP},
       adsurl = {https://ui.adsabs.harvard.edu/abs/2018MNRAS.474.4603V},
      adsnote = {Provided by the SAO/NASA Astrophysics Data System}
}

@ARTICLE{Wolthoff2022,
       author = {{Wolthoff}, Vera and {Reffert}, Sabine and {Quirrenbach}, Andreas and {Jones}, Mat{\'\i}as I. and {Wittenmyer}, Robert A. and {Jenkins}, James S.},
        title = "{Precise radial velocities of giant stars. XVI. Planet occurrence rates from the combined analysis of the Lick, EXPRESS, and PPPS giant star surveys}",
      journal = {\aap},
     keywords = {planets and satellites: detection, techniques: radial velocities, brown dwarfs, planetary systems, Astrophysics - Earth and Planetary Astrophysics, Astrophysics - Solar and Stellar Astrophysics},
         year = 2022,
        month = may,
       volume = {661},
          eid = {A63},
        pages = {A63},
          doi = {10.1051/0004-6361/202142501},
archivePrefix = {arXiv},
       eprint = {2202.12800},
 primaryClass = {astro-ph.EP},
       adsurl = {https://ui.adsabs.harvard.edu/abs/2022A&A...661A..63W},
      adsnote = {Provided by the SAO/NASA Astrophysics Data System}
}



@ARTICLE{Morley2014,
       author = {{Morley}, Caroline V. and {Marley}, Mark S. and {Fortney}, Jonathan J. and {Lupu}, Roxana and {Saumon}, Didier and {Greene}, Tom and {Lodders}, Katharina},
        title = "{Water Clouds in Y Dwarfs and Exoplanets}",
      journal = {\apj},
     keywords = {brown dwarfs, planets and satellites: atmospheres, planets and satellites: detection, stars: atmospheres, Astrophysics - Solar and Stellar Astrophysics, Astrophysics - Earth and Planetary Astrophysics},
         year = 2014,
        month = may,
       volume = {787},
       number = {1},
          eid = {78},
        pages = {78},
          doi = {10.1088/0004-637X/787/1/78},
archivePrefix = {arXiv},
       eprint = {1404.0005},
 primaryClass = {astro-ph.SR},
       adsurl = {https://ui.adsabs.harvard.edu/abs/2014ApJ...787...78M},
      adsnote = {Provided by the SAO/NASA Astrophysics Data System}
}

@ARTICLE{Vigan2021,
       author = {{Vigan}, A. and {Fontanive}, C. and {Meyer}, M. and {Biller}, B. and {Bonavita}, M. and {Feldt}, M. and {Desidera}, S. and {Marleau}, G. -D. and {Emsenhuber}, A. and {Galicher}, R. and {Rice}, K. and {Forgan}, D. and {Mordasini}, C. and {Gratton}, R. and {Le Coroller}, H. and {Maire}, A. -L. and {Cantalloube}, F. and {Chauvin}, G. and {Cheetham}, A. and {Hagelberg}, J. and {Lagrange}, A. -M. and {Langlois}, M. and {Bonnefoy}, M. and {Beuzit}, J. -L. and {Boccaletti}, A. and {D'Orazi}, V. and {Delorme}, P. and {Dominik}, C. and {Henning}, Th. and {Janson}, M. and {Lagadec}, E. and {Lazzoni}, C. and {Ligi}, R. and {Menard}, F. and {Mesa}, D. and {Messina}, S. and {Moutou}, C. and {M{\"u}ller}, A. and {Perrot}, C. and {Samland}, M. and {Schmid}, H.~M. and {Schmidt}, T. and {Sissa}, E. and {Turatto}, M. and {Udry}, S. and {Zurlo}, A. and {Abe}, L. and {Antichi}, J. and {Asensio-Torres}, R. and {Baruffolo}, A. and {Baudoz}, P. and {Baudrand}, J. and {Bazzon}, A. and {Blanchard}, P. and {Bohn}, A.~J. and {Brown Sevilla}, S. and {Carbillet}, M. and {Carle}, M. and {Cascone}, E. and {Charton}, J. and {Claudi}, R. and {Costille}, A. and {De Caprio}, V. and {Delboulb{\'e}}, A. and {Dohlen}, K. and {Engler}, N. and {Fantinel}, D. and {Feautrier}, P. and {Fusco}, T. and {Gigan}, P. and {Girard}, J.~H. and {Giro}, E. and {Gisler}, D. and {Gluck}, L. and {Gry}, C. and {Hubin}, N. and {Hugot}, E. and {Jaquet}, M. and {Kasper}, M. and {Le Mignant}, D. and {Llored}, M. and {Madec}, F. and {Magnard}, Y. and {Martinez}, P. and {Maurel}, D. and {M{\"o}ller-Nilsson}, O. and {Mouillet}, D. and {Moulin}, T. and {Orign{\'e}}, A. and {Pavlov}, A. and {Perret}, D. and {Petit}, C. and {Pragt}, J. and {Puget}, P. and {Rabou}, P. and {Ramos}, J. and {Rickman}, E.~L. and {Rigal}, F. and {Rochat}, S. and {Roelfsema}, R. and {Rousset}, G. and {Roux}, A. and {Salasnich}, B. and {Sauvage}, J. -F. and {Sevin}, A. and {Soenke}, C. and {Stadler}, E. and {Suarez}, M. and {Wahhaj}, Z. and {Weber}, L. and {Wildi}, F.},
        title = "{The SPHERE infrared survey for exoplanets (SHINE). III. The demographics of young giant exoplanets below 300 au with SPHERE}",
      journal = {\aap},
     keywords = {techniques: high angular resolution, methods: statistical, infrared: planetary systems, planetary systems, planets and satellites: formation, Astrophysics - Earth and Planetary Astrophysics, Astrophysics - Astrophysics of Galaxies, Astrophysics - Solar and Stellar Astrophysics},
         year = 2021,
        month = jul,
       volume = {651},
          eid = {A72},
        pages = {A72},
          doi = {10.1051/0004-6361/202038107},
archivePrefix = {arXiv},
       eprint = {2007.06573},
 primaryClass = {astro-ph.EP},
       adsurl = {https://ui.adsabs.harvard.edu/abs/2021A&A...651A..72V},
      adsnote = {Provided by the SAO/NASA Astrophysics Data System}
}

@ARTICLE{MullallyJWSTConf,
    author = {{Mullally}, Susan and {Debes}, John and {Poulsen}, Sabrina and {Cracraft}, Misty and {Kilic}, Mukremin},
    title = "{Two Candidate Planets Orbiting White Dwarf Stars}",
    journal = "First Year of JWST Science Conference",
    year = 2023
}


@ARTICLE{Ronco20,
       author = {{Ronco}, Mar{\'\i}a Paula and {Schreiber}, Matthias R. and {Giuppone}, Cristian A. and {Veras}, Dimitri and {Cuadra}, Jorge and {Guilera}, Octavio M.},
        title = "{How Jupiters Save or Destroy Inner Neptunes around Evolved Stars}",
      journal = {\apjl},
     keywords = {Exoplanet dynamics, Exoplanet evolution, Evolved stars, Tides, 490, 491, 481, 1702, Astrophysics - Earth and Planetary Astrophysics, Astrophysics - Solar and Stellar Astrophysics},
         year = 2020,
        month = jul,
       volume = {898},
       number = {1},
          eid = {L23},
        pages = {L23},
          doi = {10.3847/2041-8213/aba35f},
archivePrefix = {arXiv},
       eprint = {2007.04337},
 primaryClass = {astro-ph.EP},
       adsurl = {https://ui.adsabs.harvard.edu/abs/2020ApJ...898L..23R},
      adsnote = {Provided by the SAO/NASA Astrophysics Data System}
}


@ARTICLE{Frewen14,
       author = {{Frewen}, S.~F.~N. and {Hansen}, B.~M.~S.},
        title = "{Eccentric planets and stellar evolution as a cause of polluted white dwarfs}",
      journal = {\mnras},
     keywords = {planets and satellites: dynamical evolution and stability, planet-disc interactions, planet-star interactions, white dwarfs, Astrophysics - Earth and Planetary Astrophysics},
         year = 2014,
        month = apr,
       volume = {439},
       number = {3},
        pages = {2442-2458},
          doi = {10.1093/mnras/stu097},
archivePrefix = {arXiv},
       eprint = {1401.5470},
 primaryClass = {astro-ph.EP},
       adsurl = {https://ui.adsabs.harvard.edu/abs/2014MNRAS.439.2442F},
      adsnote = {Provided by the SAO/NASA Astrophysics Data System}
}

@ARTICLE{Rodet23,
       author = {{Rodet}, Laetitia and {Lai}, Dong},
        title = "{Planet-Driven Scatterings of Planetesimals Into a Star: Probability, Timescale and Applications}",
      journal = {arXiv e-prints},
     keywords = {Astrophysics - Earth and Planetary Astrophysics, Astrophysics - Solar and Stellar Astrophysics},
         year = 2023,
        month = aug,
          eid = {arXiv:2308.10326},
        pages = {arXiv:2308.10326},
          doi = {10.48550/arXiv.2308.10326},
archivePrefix = {arXiv},
       eprint = {2308.10326},
 primaryClass = {astro-ph.EP},
       adsurl = {https://ui.adsabs.harvard.edu/abs/2023arXiv230810326R},
      adsnote = {Provided by the SAO/NASA Astrophysics Data System}
}


@ARTICLE{Grant23,
       author = {{Grant}, David and {Lewis}, Nikole K. and {Wakeford}, Hannah R. and {Batalha}, Natasha E. and {Glidden}, Ana and {Goyal}, Jayesh and {Mullens}, Elijah and {MacDonald}, Ryan J. and {May}, Erin M. and {Seager}, Sara and {Stevenson}, Kevin B. and {Valenti}, Jeff A. and {Visscher}, Channon and {Alderson}, Lili and {Allen}, Natalie H. and {Ca{\~n}as}, Caleb I. and {Col{\'o}n}, Knicole and {Clampin}, Mark and {Espinoza}, N{\'e}stor and {Gressier}, Am{\'e}lie and {Huang}, Jingcheng and {Lin}, Zifan and {Long}, Douglas and {Louie}, Dana R. and {Pe{\~n}a-Guerrero}, Maria and {Ranjan}, Sukrit and {Sotzen}, Kristin S. and {Valentine}, Daniel and {Anderson}, Jay and {Balmer}, William O. and {Bellini}, Andrea and {Hoch}, Kielan K.~W. and {Kammerer}, Jens and {Libralato}, Mattia and {Mountain}, C. Matt and {Perrin}, Marshall D. and {Pueyo}, Laurent and {Rickman}, Emily and {Rebollido}, Isabel and {Sohn}, Sangmo Tony and {van der Marel}, Roeland P. and {Watkins}, Laura L.},
        title = "{JWST-TST DREAMS: Quartz Clouds in the Atmosphere of WASP-17b}",
      journal = {arXiv e-prints},
     keywords = {Astrophysics - Earth and Planetary Astrophysics},
         year = 2023,
        month = oct,
          eid = {arXiv:2310.08637},
        pages = {arXiv:2310.08637},
          doi = {10.48550/arXiv.2310.08637},
archivePrefix = {arXiv},
       eprint = {2310.08637},
 primaryClass = {astro-ph.EP},
       adsurl = {https://ui.adsabs.harvard.edu/abs/2023arXiv231008637G},
      adsnote = {Provided by the SAO/NASA Astrophysics Data System}
}

@ARTICLE{Xue23,
       author = {{Xue}, Qiao and {Bean}, Jacob L. and {Zhang}, Michael and {Welbanks}, Luis and {Lunine}, Jonathan and {August}, Prune},
        title = "{JWST transmission spectroscopy of HD 209458b: a super-solar metallicity, a very low C/O, and no evidence of CH4, HCN, or C2H2}",
      journal = {arXiv e-prints},
     keywords = {Astrophysics - Earth and Planetary Astrophysics},
         year = 2023,
        month = oct,
          eid = {arXiv:2310.03245},
        pages = {arXiv:2310.03245},
          doi = {10.48550/arXiv.2310.03245},
archivePrefix = {arXiv},
       eprint = {2310.03245},
 primaryClass = {astro-ph.EP},
       adsurl = {https://ui.adsabs.harvard.edu/abs/2023arXiv231003245X},
      adsnote = {Provided by the SAO/NASA Astrophysics Data System}
}


@ARTICLE{Veras23,
       author = {{Veras}, Dimitri and {Rosengren}, Aaron J.},
        title = "{The smallest planetary drivers of white dwarf pollution}",
      journal = {\mnras},
     keywords = {Kuiper belt: general, minor planets, asteroids: general, planets and satellites: dynamical evolution and stability, stars: evolution, white dwarfs, Astrophysics - Earth and Planetary Astrophysics, Astrophysics - Solar and Stellar Astrophysics},
         year = 2023,
        month = mar,
       volume = {519},
       number = {4},
        pages = {6257-6266},
          doi = {10.1093/mnras/stad130},
archivePrefix = {arXiv},
       eprint = {2301.04160},
 primaryClass = {astro-ph.EP},
       adsurl = {https://ui.adsabs.harvard.edu/abs/2023MNRAS.519.6257V},
      adsnote = {Provided by the SAO/NASA Astrophysics Data System}
}

@INCOLLECTION{Veras21,
       author = {{Veras}, Dimitri},
        title = "{Planetary Systems Around White Dwarfs}",
     keywords = {Astrophysics - Earth and Planetary Astrophysics, Astrophysics - Solar and Stellar Astrophysics},
    booktitle = {Oxford Research Encyclopedia of Planetary Science},
    publisher = {Oxford University Press},
         year = 2021,
          eid = {1},
        pages = {1},
          doi = {10.1093/acrefore/9780190647926.013.238},
       adsurl = {https://ui.adsabs.harvard.edu/abs/2021orel.bookE...1V},
      adsnote = {Provided by the SAO/NASA Astrophysics Data System}
}


@ARTICLE{Caiazzo17,
       author = {{Caiazzo}, Ilaria and {Heyl}, Jeremy S.},
        title = "{Polluting white dwarfs with perturbed exo-comets}",
      journal = {\mnras},
     keywords = {Kuiper belt: general, Oort Cloud, stars: AGB and post-AGB, stars: mass-loss, white dwarfs, Astrophysics - Solar and Stellar Astrophysics, Astrophysics - Earth and Planetary Astrophysics},
         year = 2017,
        month = aug,
       volume = {469},
       number = {3},
        pages = {2750-2759},
          doi = {10.1093/mnras/stx1036},
archivePrefix = {arXiv},
       eprint = {1702.07682},
 primaryClass = {astro-ph.SR},
       adsurl = {https://ui.adsabs.harvard.edu/abs/2017MNRAS.469.2750C},
      adsnote = {Provided by the SAO/NASA Astrophysics Data System}
}


@ARTICLE{Jura07,
       author = {{Jura}, M. and {Farihi}, J. and {Zuckerman}, B.},
        title = "{Externally Polluted White Dwarfs with Dust Disks}",
      journal = {\apj},
     keywords = {Stars: Circumstellar Matter, Minor Planets, Asteroids, Stars: White Dwarfs, Astrophysics},
         year = 2007,
        month = jul,
       volume = {663},
       number = {2},
        pages = {1285-1290},
          doi = {10.1086/518767},
archivePrefix = {arXiv},
       eprint = {0704.1170},
 primaryClass = {astro-ph},
       adsurl = {https://ui.adsabs.harvard.edu/abs/2007ApJ...663.1285J},
      adsnote = {Provided by the SAO/NASA Astrophysics Data System}
}

@ARTICLE{Choi2016,
       author = {{Choi}, Jieun and {Dotter}, Aaron and {Conroy}, Charlie and {Cantiello}, Matteo and {Paxton}, Bill and {Johnson}, Benjamin D.},
        title = "{Mesa Isochrones and Stellar Tracks (MIST). I. Solar-scaled Models}",
      journal = {\apj},
     keywords = {stars: evolution, stars: general, stars: interiors, Astrophysics - Solar and Stellar Astrophysics},
         year = 2016,
        month = jun,
       volume = {823},
       number = {2},
          eid = {102},
        pages = {102},
          doi = {10.3847/0004-637X/823/2/102},
archivePrefix = {arXiv},
       eprint = {1604.08592},
 primaryClass = {astro-ph.SR},
       adsurl = {https://ui.adsabs.harvard.edu/abs/2016ApJ...823..102C},
      adsnote = {Provided by the SAO/NASA Astrophysics Data System}
}

@ARTICLE{limbach13,
       author = {{Peters-Limbach}, Mary Anne and {Turner}, Edwin L.},
        title = "{On the Direct Imaging of Tidally Heated Exomoons}",
      journal = {\apj},
     keywords = {methods: observational, planetary systems, planets and satellites: detection, planets and satellites: physical evolution, Astrophysics - Earth and Planetary Astrophysics},
         year = 2013,
        month = jun,
       volume = {769},
       number = {2},
          eid = {98},
        pages = {98},
          doi = {10.1088/0004-637X/769/2/98},
archivePrefix = {arXiv},
       eprint = {1209.4418},
 primaryClass = {astro-ph.EP},
       adsurl = {https://ui.adsabs.harvard.edu/abs/2013ApJ...769...98P},
      adsnote = {Provided by the SAO/NASA Astrophysics Data System}
}


@ARTICLE{Calissendorff2023,
       author = {{Calissendorff}, Per and {De Furio}, Matthew and {Meyer}, Michael and {Albert}, Lo{\"\i}c and {Aganze}, Christian and {Ali-Dib}, Mohamad and {Bardalez Gagliuffi}, Daniella C. and {Baron}, Frederique and {Beichman}, Charles A. and {Burgasser}, Adam J. and {Cushing}, Michael C. and {Faherty}, Jacqueline Kelly and {Fontanive}, Cl{\'e}mence and {Gelino}, Christopher R. and {Gizis}, John E. and {Greenbaum}, Alexandra Z. and {Kirkpatrick}, J. Davy and {Leggett}, Sandy K. and {Martinache}, Frantz and {Mary}, David and {N'Diaye}, Mamadou and {Pope}, Benjamin J.~S. and {Roellig}, Thomas and {Sahlmann}, Johannes and {Sivaramakrishnan}, Anand and {Thorngren}, Daniel Peter and {Ygouf}, Marie and {Vandal}, Thomas},
        title = "{JWST/NIRCam Discovery of the First Y+Y Brown Dwarf Binary: WISE J033605.05-014350.4}",
      journal = {\apjl},
     keywords = {Brown dwarfs, Y dwarfs, James Webb Space Telescope, 185, 1827, 2291, Astrophysics - Solar and Stellar Astrophysics, Astrophysics - Earth and Planetary Astrophysics},
         year = 2023,
        month = apr,
       volume = {947},
       number = {2},
          eid = {L30},
        pages = {L30},
          doi = {10.3847/2041-8213/acc86d},
archivePrefix = {arXiv},
       eprint = {2303.16923},
 primaryClass = {astro-ph.SR},
       adsurl = {https://ui.adsabs.harvard.edu/abs/2023ApJ...947L..30C},
      adsnote = {Provided by the SAO/NASA Astrophysics Data System}
}

@MISC{jdox,
        title = "{JWST User Documentation (JDox)}",
     keywords = {Space Telescope Science Institute, STScI, James Webb Space Telescope, JWST},
 howpublished = {JWST User Documentation Website},
         year = 2016,
        month = jan,
       adsurl = {https://ui.adsabs.harvard.edu/abs/2016jdox.rept......},
      adsnote = {Provided by the SAO/NASA Astrophysics Data System}
}

@ARTICLE{phoenix2013,
       author = {{Husser}, T. -O. and {Wende-von Berg}, S. and {Dreizler}, S. and {Homeier}, D. and {Reiners}, A. and {Barman}, T. and {Hauschildt}, P.~H.},
        title = "{A new extensive library of PHOENIX stellar atmospheres and synthetic spectra}",
      journal = {\aap},
     keywords = {stars: atmospheres, convection, stars: late-type, Astrophysics - Solar and Stellar Astrophysics},
         year = 2013,
        month = may,
       volume = {553},
          eid = {A6},
        pages = {A6},
          doi = {10.1051/0004-6361/201219058},
archivePrefix = {arXiv},
       eprint = {1303.5632},
 primaryClass = {astro-ph.SR},
       adsurl = {https://ui.adsabs.harvard.edu/abs/2013A&A...553A...6H},
      adsnote = {Provided by the SAO/NASA Astrophysics Data System}
}

@ARTICLE{mustill2012,
       author = {{Mustill}, Alexander J. and {Villaver}, Eva},
        title = "{Foretellings of Ragnar{\"o}k: World-engulfing Asymptotic Giants and the Inheritance of White Dwarfs}",
      journal = {\apj},
     keywords = {planets and satellites: dynamical evolution and stability, stars: AGB and post-AGB, stars: evolution, Astrophysics - Earth and Planetary Astrophysics, Astrophysics - Solar and Stellar Astrophysics},
         year = 2012,
        month = dec,
       volume = {761},
       number = {2},
          eid = {121},
        pages = {121},
          doi = {10.1088/0004-637X/761/2/121},
archivePrefix = {arXiv},
       eprint = {1210.0328},
 primaryClass = {astro-ph.EP},
       adsurl = {https://ui.adsabs.harvard.edu/abs/2012ApJ...761..121M},
      adsnote = {Provided by the SAO/NASA Astrophysics Data System}
}

@article{astropy,
	author = {{The Astropy Collaboration} and {Robitaille, Thomas P.} and {Tollerud, Erik J.} and {Greenfield, Perry} and {Droettboom, Michael} and {Bray, Erik} and {Aldcroft, Tom} and {Davis, Matt} and {Ginsburg, Adam} and {Price-Whelan, Adrian M.} and {Kerzendorf, Wolfgang E.} and {Conley, Alexander} and {Crighton, Neil} and {Barbary, Kyle} and {Muna, Demitri} and {Ferguson, Henry} and {Grollier, Frédéric} and {Parikh, Madhura M.} and {Nair, Prasanth H.} and {Günther, Hans M.} and {Deil, Christoph} and {Woillez, Julien} and {Conseil, Simon} and {Kramer, Roban} and {Turner, James E. H.} and {Singer, Leo} and {Fox, Ryan} and {Weaver, Benjamin A.} and {Zabalza, Victor} and {Edwards, Zachary I.} and {Azalee Bostroem, K.} and {Burke, D. J.} and {Casey, Andrew R.} and {Crawford, Steven M.} and {Dencheva, Nadia} and {Ely, Justin} and {Jenness, Tim} and {Labrie, Kathleen} and {Lim, Pey Lian} and {Pierfederici, Francesco} and {Pontzen, Andrew} and {Ptak, Andy} and {Refsdal, Brian} and {Servillat, Mathieu} and {Streicher, Ole}},
	title = {Astropy: A community Python package for astronomy},
	DOI= "10.1051/0004-6361/201322068",
	url= "https://doi.org/10.1051/0004-6361/201322068",
	journal = {A\&A},
	year = 2013,
	volume = 558,
	pages = "A33",
	month = "",
}

@ARTICLE{matplotlib,
  author={Hunter, John D.},
  journal={Computing in Science \& Engineering}, 
  title={Matplotlib: A 2D Graphics Environment}, 
  year={2007},
  volume={9},
  number={3},
  pages={90-95},
  doi={10.1109/MCSE.2007.55}
}
