@ARTICLE{2018AJ....156..123A,
       author = {{Astropy Collaboration} and {Price-Whelan}, A.~M. and {Sip{\H{o}}cz}, B.~M. and {G{\"u}nther}, H.~M. and {Lim}, P.~L. and {Crawford}, S.~M. and {Conseil}, S. and {Shupe}, D.~L. and {Craig}, M.~W. and {Dencheva}, N. and {Ginsburg}, A. and {VanderPlas}, J.~T. and {Bradley}, L.~D. and {P{\'e}rez-Su{\'a}rez}, D. and {de Val-Borro}, M. and {Aldcroft}, T.~L. and {Cruz}, K.~L. and {Robitaille}, T.~P. and {Tollerud}, E.~J. and {Ardelean}, C. and {Babej}, T. and {Bach}, Y.~P. and {Bachetti}, M. and {Bakanov}, A.~V. and {Bamford}, S.~P. and {Barentsen}, G. and {Barmby}, P. and {Baumbach}, A. and {Berry}, K.~L. and {Biscani}, F. and {Boquien}, M. and {Bostroem}, K.~A. and {Bouma}, L.~G. and {Brammer}, G.~B. and {Bray}, E.~M. and {Breytenbach}, H. and {Buddelmeijer}, H. and {Burke}, D.~J. and {Calderone}, G. and {Cano Rodr{\'\i}guez}, J.~L. and {Cara}, M. and {Cardoso}, J.~V.~M. and {Cheedella}, S. and {Copin}, Y. and {Corrales}, L. and {Crichton}, D. and {D'Avella}, D. and {Deil}, C. and {Depagne}, {\'E}. and {Dietrich}, J.~P. and {Donath}, A. and {Droettboom}, M. and {Earl}, N. and {Erben}, T. and {Fabbro}, S. and {Ferreira}, L.~A. and {Finethy}, T. and {Fox}, R.~T. and {Garrison}, L.~H. and {Gibbons}, S.~L.~J. and {Goldstein}, D.~A. and {Gommers}, R. and {Greco}, J.~P. and {Greenfield}, P. and {Groener}, A.~M. and {Grollier}, F. and {Hagen}, A. and {Hirst}, P. and {Homeier}, D. and {Horton}, A.~J. and {Hosseinzadeh}, G. and {Hu}, L. and {Hunkeler}, J.~S. and {Ivezi{\'c}}, {\v{Z}}. and {Jain}, A. and {Jenness}, T. and {Kanarek}, G. and {Kendrew}, S. and {Kern}, N.~S. and {Kerzendorf}, W.~E. and {Khvalko}, A. and {King}, J. and {Kirkby}, D. and {Kulkarni}, A.~M. and {Kumar}, A. and {Lee}, A. and {Lenz}, D. and {Littlefair}, S.~P. and {Ma}, Z. and {Macleod}, D.~M. and {Mastropietro}, M. and {McCully}, C. and {Montagnac}, S. and {Morris}, B.~M. and {Mueller}, M. and {Mumford}, S.~J. and {Muna}, D. and {Murphy}, N.~A. and {Nelson}, S. and {Nguyen}, G.~H. and {Ninan}, J.~P. and {N{\"o}the}, M. and {Ogaz}, S. and {Oh}, S. and {Parejko}, J.~K. and {Parley}, N. and {Pascual}, S. and {Patil}, R. and {Patil}, A.~A. and {Plunkett}, A.~L. and {Prochaska}, J.~X. and {Rastogi}, T. and {Reddy Janga}, V. and {Sabater}, J. and {Sakurikar}, P. and {Seifert}, M. and {Sherbert}, L.~E. and {Sherwood-Taylor}, H. and {Shih}, A.~Y. and {Sick}, J. and {Silbiger}, M.~T. and {Singanamalla}, S. and {Singer}, L.~P. and {Sladen}, P.~H. and {Sooley}, K.~A. and {Sornarajah}, S. and {Streicher}, O. and {Teuben}, P. and {Thomas}, S.~W. and {Tremblay}, G.~R. and {Turner}, J.~E.~H. and {Terr{\'o}n}, V. and {van Kerkwijk}, M.~H. and {de la Vega}, A. and {Watkins}, L.~L. and {Weaver}, B.~A. and {Whitmore}, J.~B. and {Woillez}, J. and {Zabalza}, V. and {Astropy Contributors}},
        title = "{The Astropy Project: Building an Open-science Project and Status of the v2.0 Core Package}",
      journal = {\aj},
     keywords = {methods: data analysis, methods: miscellaneous, methods: statistical, reference systems, Astrophysics - Instrumentation and Methods for Astrophysics},
         year = 2018,
        month = sep,
       volume = {156},
       number = {3},
          eid = {123},
        pages = {123},
          doi = {10.3847/1538-3881/aabc4f},
archivePrefix = {arXiv},
       eprint = {1801.02634},
 primaryClass = {astro-ph.IM},
       adsurl = {https://ui.adsabs.harvard.edu/abs/2018AJ....156..123A},
      adsnote = {Provided by the SAO/NASA Astrophysics Data System}
}

@ARTICLE{2017JInst..12C4009P,
       author = {{Plazas}, A.~A. and {Shapiro}, C. and {Smith}, R. and {Rhodes}, J. and {Huff}, E.},
        title = "{Nonlinearity and pixel shifting effects in HXRG infrared detectors}",
      journal = {Journal of Instrumentation},
     keywords = {Astrophysics - Instrumentation and Methods for Astrophysics},
         year = 2017,
        month = apr,
       volume = {12},
       number = {4},
        pages = {C04009},
          doi = {10.1088/1748-0221/12/04/C04009},
archivePrefix = {arXiv},
       eprint = {1703.08205},
 primaryClass = {astro-ph.IM},
       adsurl = {https://ui.adsabs.harvard.edu/abs/2017JInst..12C4009P},
      adsnote = {Provided by the SAO/NASA Astrophysics Data System}
}

@ARTICLE{2020A&A...644A.110K,
       author = {{Kammerer}, J. and {M{\'e}rand}, A. and {Ireland}, M.~J. and {Lacour}, S.},
        title = "{Increasing the achievable contrast of infrared interferometry with an error correlation model}",
      journal = {\aap},
     keywords = {techniques: interferometric, methods: statistical, planets and satellites: detection, Astrophysics - Instrumentation and Methods for Astrophysics, Astrophysics - Earth and Planetary Astrophysics},
         year = 2020,
        month = dec,
       volume = {644},
          eid = {A110},
        pages = {A110},
          doi = {10.1051/0004-6361/202038563},
archivePrefix = {arXiv},
       eprint = {2011.01209},
 primaryClass = {astro-ph.IM},
       adsurl = {https://ui.adsabs.harvard.edu/abs/2020A&A...644A.110K},
      adsnote = {Provided by the SAO/NASA Astrophysics Data System}
}

@ARTICLE{2020ApJ...894...31B,
       author = {{Blackburn}, Lindy and {Pesce}, Dominic W. and {Johnson}, Michael D. and {Wielgus}, Maciek and {Chael}, Andrew A. and {Christian}, Pierre and {Doeleman}, Sheperd S.},
        title = "{Closure Statistics in Interferometric Data}",
      journal = {\apj},
     keywords = {Very long baseline interferometry, Interferometry, Radio interferometers, Astrostatistics techniques, Astrostatistics strategies, Aperture synthesis, 1769, 808, 1345, 1886, 1885, 53, Astrophysics - Instrumentation and Methods for Astrophysics},
         year = 2020,
        month = may,
       volume = {894},
       number = {1},
          eid = {31},
        pages = {31},
          doi = {10.3847/1538-4357/ab8469},
archivePrefix = {arXiv},
       eprint = {1910.02062},
 primaryClass = {astro-ph.IM},
       adsurl = {https://ui.adsabs.harvard.edu/abs/2020ApJ...894...31B},
      adsnote = {Provided by the SAO/NASA Astrophysics Data System}
}



@ARTICLE{2013A&A...558A..33A,
       author = {{Astropy Collaboration} and {Robitaille}, Thomas P. and
         {Tollerud}, Erik J. and {Greenfield}, Perry and {Droettboom}, Michael and
         {Bray}, Erik and {Aldcroft}, Tom and {Davis}, Matt and
         {Ginsburg}, Adam and {Price-Whelan}, Adrian M. and
         {Kerzendorf}, Wolfgang E. and {Conley}, Alexander and {Crighton}, Neil and
         {Barbary}, Kyle and {Muna}, Demitri and {Ferguson}, Henry and
         {Grollier}, Fr{\'e}d{\'e}ric and {Parikh}, Madhura M. and
         {Nair}, Prasanth H. and {Unther}, Hans M. and {Deil}, Christoph and
         {Woillez}, Julien and {Conseil}, Simon and {Kramer}, Roban and
         {Turner}, James E.~H. and {Singer}, Leo and {Fox}, Ryan and
         {Weaver}, Benjamin A. and {Zabalza}, Victor and {Edwards}, Zachary I. and
         {Azalee Bostroem}, K. and {Burke}, D.~J. and {Casey}, Andrew R. and
         {Crawford}, Steven M. and {Dencheva}, Nadia and {Ely}, Justin and
         {Jenness}, Tim and {Labrie}, Kathleen and {Lim}, Pey Lian and
         {Pierfederici}, Francesco and {Pontzen}, Andrew and {Ptak}, Andy and
         {Refsdal}, Brian and {Servillat}, Mathieu and {Streicher}, Ole},
        title = "{Astropy: A community Python package for astronomy}",
      journal = {\aap},
     keywords = {methods: data analysis, methods: miscellaneous, virtual observatory tools, Astrophysics - Instrumentation and Methods for Astrophysics},
         year = "2013",
        month = "Oct",
       volume = {558},
          eid = {A33},
        pages = {A33},
          doi = {10.1051/0004-6361/201322068},
archivePrefix = {arXiv},
       eprint = {1307.6212},
 primaryClass = {astro-ph.IM},
       adsurl = {https://ui.adsabs.harvard.edu/abs/2013A&A...558A..33A},
      adsnote = {Provided by the SAO/NASA Astrophysics Data System}
}

@ARTICLE{2020MNRAS.493.3132S,
       author = {{Speagle}, Joshua S.},
        title = "{DYNESTY: a dynamic nested sampling package for estimating Bayesian posteriors and evidences}",
      journal = {\mnras},
     keywords = {methods: data analysis, methods: statistical, Astrophysics - Instrumentation and Methods for Astrophysics, Statistics - Computation},
         year = 2020,
        month = apr,
       volume = {493},
       number = {3},
        pages = {3132-3158},
          doi = {10.1093/mnras/staa278},
archivePrefix = {arXiv},
       eprint = {1904.02180},
 primaryClass = {astro-ph.IM},
       adsurl = {https://ui.adsabs.harvard.edu/abs/2020MNRAS.493.3132S},
      adsnote = {Provided by the SAO/NASA Astrophysics Data System}
}

@ARTICLE{2020A&A...636A..72M,
       author = {{Martinache}, Frantz and {Ceau}, Alban and {Laugier}, Romain and {Kammerer}, Jens and {N'Diaye}, Mamadou and {Mary}, David and {Cvetojevic}, Nick and {Lopez}, Coline},
        title = "{Kernel-phase analysis: Aperture modeling prescriptions that minimize calibration errors}",
      journal = {\aap},
     keywords = {instrumentation: high angular resolution, methods: data analysis, stars: low-mass, binaries: visual, Astrophysics - Instrumentation and Methods for Astrophysics},
         year = 2020,
        month = apr,
       volume = {636},
          eid = {A72},
        pages = {A72},
          doi = {10.1051/0004-6361/201936981},
archivePrefix = {arXiv},
       eprint = {2003.02032},
 primaryClass = {astro-ph.IM},
       adsurl = {https://ui.adsabs.harvard.edu/abs/2020A&A...636A..72M},
      adsnote = {Provided by the SAO/NASA Astrophysics Data System}
}



@ARTICLE{2013PASP..125..422M,
       author = {{Martinache}, Frantz},
        title = "{The Asymmetric Pupil Fourier Wavefront Sensor}",
      journal = {\pasp},
     keywords = {Astrophysics - Instrumentation and Methods for Astrophysics},
         year = 2013,
        month = apr,
       volume = {125},
       number = {926},
        pages = {422},
          doi = {10.1086/670670},
archivePrefix = {arXiv},
       eprint = {1303.6678},
 primaryClass = {astro-ph.IM},
       adsurl = {https://ui.adsabs.harvard.edu/abs/2013PASP..125..422M},
      adsnote = {Provided by the SAO/NASA Astrophysics Data System}
}

@software{bushouse_2023_8157276,
author = {Bushouse, Howard and
Eisenhamer, Jonathan and
Dencheva, Nadia and
Davies, James and
Greenfield, Perry and
Morrison, Jane and
Hodge, Phil and
Simon, Bernie and
Grumm, David and
Droettboom, Michael and
Slavich, Edward and
Sosey, Megan and
Pauly, Tyler and
Miller, Todd and
Jedrzejewski, Robert and
Hack, Warren and
Davis, David and
Crawford, Steven and
Law, David and
Gordon, Karl and
Regan, Michael and
Cara, Mihai and
MacDonald, Ken and
Bradley, Larry and
Shanahan, Clare and
Jamieson, William and
Teodoro, Mairan and
Williams, Thomas},
title = {JWST Calibration Pipeline},
month = jul,
year = 2023,
publisher = {Zenodo},
version = {1.11.3},
doi = {10.5281/zenodo.8157276},
url = {https://doi.org/10.5281/zenodo.8157276}
}

@ARTICLE{2023ApJ...951L..20C,
       author = {{Carter}, Aarynn L. and {Hinkley}, Sasha and {Kammerer}, Jens and {Skemer}, Andrew and {Biller}, Beth A. and {Leisenring}, Jarron M. and {Millar-Blanchaer}, Maxwell A. and {Petrus}, Simon and {Stone}, Jordan M. and {Ward-Duong}, Kimberly and {Wang}, Jason J. and {Girard}, Julien H. and {Hines}, Dean C. and {Perrin}, Marshall D. and {Pueyo}, Laurent and {Balmer}, William O. and {Bonavita}, Mariangela and {Bonnefoy}, Mickael and {Chauvin}, Gael and {Choquet}, Elodie and {Christiaens}, Valentin and {Danielski}, Camilla and {Kennedy}, Grant M. and {Matthews}, Elisabeth C. and {Miles}, Brittany E. and {Patapis}, Polychronis and {Ray}, Shrishmoy and {Rickman}, Emily and {Sallum}, Steph and {Stapelfeldt}, Karl R. and {Whiteford}, Niall and {Zhou}, Yifan and {Absil}, Olivier and {Boccaletti}, Anthony and {Booth}, Mark and {Bowler}, Brendan P. and {Chen}, Christine H. and {Currie}, Thayne and {Fortney}, Jonathan J. and {Grady}, Carol A. and {Greebaum}, Alexandra Z. and {Henning}, Thomas and {Hoch}, Kielan K.~W. and {Janson}, Markus and {Kalas}, Paul and {Kenworthy}, Matthew A. and {Kervella}, Pierre and {Kraus}, Adam L. and {Lagage}, Pierre-Olivier and {Liu}, Michael C. and {Macintosh}, Bruce and {Marino}, Sebastian and {Marley}, Mark S. and {Marois}, Christian and {Matthews}, Brenda C. and {Mawet}, Dimitri and {McElwain}, Michael W. and {Metchev}, Stanimir and {Meyer}, Michael R. and {Molliere}, Paul and {Moran}, Sarah E. and {Morley}, Caroline V. and {Mukherjee}, Sagnick and {Pantin}, Eric and {Quirrenbach}, Andreas and {Rebollido}, Isabel and {Ren}, Bin B. and {Schneider}, Glenn and {Vasist}, Malavika and {Worthen}, Kadin and {Wyatt}, Mark C. and {Briesemeister}, Zackery W. and {Bryan}, Marta L. and {Calissendorff}, Per and {Cantalloube}, Faustine and {Cugno}, Gabriele and {De Furio}, Matthew and {Dupuy}, Trent J. and {Factor}, Samuel M. and {Faherty}, Jacqueline K. and {Fitzgerald}, Michael P. and {Franson}, Kyle and {Gonzales}, Eileen C. and {Hood}, Callie E. and {Howe}, Alex R. and {Kuzuhara}, Masayuki and {Lagrange}, Anne-Marie and {Lawson}, Kellen and {Lazzoni}, Cecilia and {Lew}, Ben W.~P. and {Liu}, Pengyu and {Llop-Sayson}, Jorge and {Lloyd}, James P. and {Martinez}, Raquel A. and {Mazoyer}, Johan and {Palma-Bifani}, Paulina and {Quanz}, Sascha P. and {Redai}, Jea Adams and {Samland}, Matthias and {Schlieder}, Joshua E. and {Tamura}, Motohide and {Tan}, Xianyu and {Uyama}, Taichi and {Vigan}, Arthur and {Vos}, Johanna M. and {Wagner}, Kevin and {Wolff}, Schuyler G. and {Ygouf}, Marie and {Zhang}, Xi and {Zhang}, Keming and {Zhang}, Zhoujian},
        title = "{The JWST Early Release Science Program for Direct Observations of Exoplanetary Systems I: High-contrast Imaging of the Exoplanet HIP 65426 b from 2 to 16 {\ensuremath{\mu}}m}",
      journal = {\apjl},
     keywords = {Exoplanets, Exoplanet astronomy, Extrasolar gaseous planets, 498, 486, 2172, Astrophysics - Earth and Planetary Astrophysics},
         year = 2023,
        month = jul,
       volume = {951},
       number = {1},
          eid = {L20},
        pages = {L20},
          doi = {10.3847/2041-8213/acd93e},
archivePrefix = {arXiv},
       eprint = {2208.14990},
 primaryClass = {astro-ph.EP},
       adsurl = {https://ui.adsabs.harvard.edu/abs/2023ApJ...951L..20C},
      adsnote = {Provided by the SAO/NASA Astrophysics Data System}
}



@ARTICLE{2024ApJ...966..156N,
       author = {{Nixon}, Matthew C. and {Welbanks}, Luis and {McGill}, Peter and {Kempton}, Eliza M. -R.},
        title = "{Methods for Incorporating Model Uncertainty into Exoplanet Atmospheric Analysis}",
      journal = {\apj},
     keywords = {Exoplanets, Hot Jupiters, Extrasolar gaseous planets, Measurement error model, Astronomy data analysis, Astronomy data modeling, Exoplanet atmospheres, Exoplanet atmospheric composition, 498, 753, 2172, 1946, 1858, 1859, 487, 2021, Astrophysics - Earth and Planetary Astrophysics, Astrophysics - Instrumentation and Methods for Astrophysics},
         year = 2024,
        month = may,
       volume = {966},
       number = {2},
          eid = {156},
        pages = {156},
          doi = {10.3847/1538-4357/ad354e},
archivePrefix = {arXiv},
       eprint = {2310.03713},
 primaryClass = {astro-ph.EP},
       adsurl = {https://ui.adsabs.harvard.edu/abs/2024ApJ...966..156N},
      adsnote = {Provided by the SAO/NASA Astrophysics Data System}
}



@ARTICLE{2024A&A...687A.298N,
       author = {{Nasedkin}, E. and {Molli{\`e}re}, P. and {Lacour}, S. and {Nowak}, M. and {Kreidberg}, L. and {Stolker}, T. and {Wang}, J.~J. and {Balmer}, W.~O. and {Kammerer}, J. and {Shangguan}, J. and {Abuter}, R. and {Amorim}, A. and {Asensio-Torres}, R. and {Benisty}, M. and {Berger}, J. -P. and {Beust}, H. and {Blunt}, S. and {Boccaletti}, A. and {Bonnefoy}, M. and {Bonnet}, H. and {Bordoni}, M.~S. and {Bourdarot}, G. and {Brandner}, W. and {Cantalloube}, F. and {Caselli}, P. and {Charnay}, B. and {Chauvin}, G. and {Chavez}, A. and {Choquet}, E. and {Christiaens}, V. and {Cl{\'e}net}, Y. and {Coud{\'e} Du Foresto}, V. and {Cridland}, A. and {Davies}, R. and {Dembet}, R. and {Dexter}, J. and {Drescher}, A. and {Duvert}, G. and {Eckart}, A. and {Eisenhauer}, F. and {F{\"o}rster Schreiber}, N.~M. and {Garcia}, P. and {Garcia Lopez}, R. and {Gendron}, E. and {Genzel}, R. and {Gillessen}, S. and {Girard}, J.~H. and {Grant}, S. and {Haubois}, X. and {Hei{\ss}el}, G. and {Henning}, Th. and {Hinkley}, S. and {Hippler}, S. and {Houll{\'e}}, M. and {Hubert}, Z. and {Jocou}, L. and {Keppler}, M. and {Kervella}, P. and {Kurtovic}, N.~T. and {Lagrange}, A. -M. and {Lapeyr{\`e}re}, V. and {Le Bouquin}, J. -B. and {Lutz}, D. and {Maire}, A. -L. and {Mang}, F. and {Marleau}, G. -D. and {M{\'e}rand}, A. and {Monnier}, J.~D. and {Mordasini}, C. and {Ott}, T. and {Otten}, G.~P.~P.~L. and {Paladini}, C. and {Paumard}, T. and {Perraut}, K. and {Perrin}, G. and {Pfuhl}, O. and {Pourr{\'e}}, N. and {Pueyo}, L. and {Ribeiro}, D.~C. and {Rickman}, E. and {Ruffio}, J.~B. and {Rustamkulov}, Z. and {Shimizu}, T. and {Sing}, D. and {Stadler}, J. and {Straub}, O. and {Straubmeier}, C. and {Sturm}, E. and {Tacconi}, L.~J. and {van Dishoeck}, E.~F. and {Vigan}, A. and {Vincent}, F. and {von Fellenberg}, S.~D. and {Widmann}, F. and {Winterhalder}, T.~O. and {Woillez}, J. and {Yazici}, {\c{S}}. and {Gravity Collaboration}},
        title = "{Four-of-a-kind? Comprehensive atmospheric characterisation of the HR 8799 planets with VLTI/GRAVITY}",
      journal = {\aap},
     keywords = {radiative transfer, instrumentation: interferometers, methods: observational, planets and satellites: atmospheres, planets and satellites: composition, Astrophysics - Earth and Planetary Astrophysics},
         year = 2024,
        month = jul,
       volume = {687},
          eid = {A298},
        pages = {A298},
          doi = {10.1051/0004-6361/202449328},
archivePrefix = {arXiv},
       eprint = {2404.03776},
 primaryClass = {astro-ph.EP},
       adsurl = {https://ui.adsabs.harvard.edu/abs/2024A&A...687A.298N},
      adsnote = {Provided by the SAO/NASA Astrophysics Data System}
}



@ARTICLE{2010ApJ...724..464M,
       author = {{Martinache}, Frantz},
        title = "{Kernel Phase in Fizeau Interferometry}",
      journal = {\apj},
     keywords = {binaries: close, methods: data analysis, stars: low-mass, techniques: high angular resolution, techniques: image processing, techniques: interferometric, Astrophysics - Instrumentation and Methods for Astrophysics},
         year = 2010,
        month = nov,
       volume = {724},
       number = {1},
        pages = {464-469},
          doi = {10.1088/0004-637X/724/1/464},
archivePrefix = {arXiv},
       eprint = {1009.3933},
 primaryClass = {astro-ph.IM},
       adsurl = {https://ui.adsabs.harvard.edu/abs/2010ApJ...724..464M},
      adsnote = {Provided by the SAO/NASA Astrophysics Data System}
}

@ARTICLE{1974AJ.....79..745L,
       author = {{Lucy}, L.~B.},
        title = "{An iterative technique for the rectification of observed distributions}",
      journal = {\aj},
         year = 1974,
        month = jun,
       volume = {79},
        pages = {745},
          doi = {10.1086/111605},
       adsurl = {https://ui.adsabs.harvard.edu/abs/1974AJ.....79..745L},
      adsnote = {Provided by the SAO/NASA Astrophysics Data System}
}



@ARTICLE{1972JOSA...62...55R,
       author = {{Richardson}, William Hadley},
        title = "{Bayesian-Based Iterative Method of Image Restoration}",
      journal = {Journal of the Optical Society of America (1917-1983)},
         year = 1972,
        month = jan,
       volume = {62},
       number = {1},
        pages = {55},
       adsurl = {https://ui.adsabs.harvard.edu/abs/1972JOSA...62...55R},
      adsnote = {Provided by the SAO/NASA Astrophysics Data System}
}



@ARTICLE{2023MNRAS.522L..51H,
       author = {{Hammond}, Iain and {Christiaens}, Valentin and {Price}, Daniel J. and {Toci}, Claudia and {Pinte}, Christophe and {Juillard}, Sandrine and {Garg}, Himanshi},
        title = "{Confirmation and Keplerian motion of the gap-carving protoplanet HD 169142 b}",
      journal = {\mnras},
     keywords = {protoplanetary discs, planet-disc interactions, stars: individual: HD 169142, Astrophysics - Earth and Planetary Astrophysics, Astrophysics - Solar and Stellar Astrophysics},
         year = 2023,
        month = jun,
       volume = {522},
       number = {1},
        pages = {L51-L55},
          doi = {10.1093/mnrasl/slad027},
archivePrefix = {arXiv},
       eprint = {2302.11302},
 primaryClass = {astro-ph.EP},
       adsurl = {https://ui.adsabs.harvard.edu/abs/2023MNRAS.522L..51H},
      adsnote = {Provided by the SAO/NASA Astrophysics Data System}
}

@ARTICLE{2024A&A...682A.101S,
       author = {{Stolker}, T. and {Kammerer}, J. and {Benisty}, M. and {Blakely}, D. and {Johnstone}, D. and {Sitko}, M.~L. and {Berger}, J.~P. and {Sanchez-Bermudez}, J. and {Garufi}, A. and {Lacour}, S. and {Cantalloube}, F. and {Chauvin}, G.},
        title = "{Searching for low-mass companions at small separations in transition disks with aperture masking interferometry}",
      journal = {\aap},
     keywords = {techniques: high angular resolution, techniques: interferometric, protoplanetary disks, planet-disk interactions, binaries: general},
         year = 2024,
        month = feb,
       volume = {682},
          eid = {A101},
        pages = {A101},
          doi = {10.1051/0004-6361/202347291},
       adsurl = {https://ui.adsabs.harvard.edu/abs/2024A&A...682A.101S},
      adsnote = {Provided by the SAO/NASA Astrophysics Data System}
}

@article{Desdoigts2023DifferentiableOW,
  title={Differentiable optics with ∂Lux: I—deep calibration of flat field and phase retrieval with automatic differentiation},
  author={Louis Desdoigts and Benjamin J. S. Pope and Jordan Dennis and Peter G. Tuthill},
  journal={Journal of Astronomical Telescopes, Instruments, and Systems},
  year={2023},
  volume={9},
  pages={028007 - 028007},
  url={https://api.semanticscholar.org/CorpusID:259297527}
}

@ARTICLE{2023A&A...677A..76P,
       author = {{Portilla-Revelo}, B. and {Kamp}, I. and {Facchini}, S. and {van Dishoeck}, E.~F. and {Law}, C. and {Rab}, Ch. and {Bae}, J. and {Benisty}, M. and {{\"O}berg}, K. and {Teague}, R.},
        title = "{Constraining the gas distribution in the PDS 70 disc as a method to assess the effect of planet-disc interactions}",
      journal = {\aap},
     keywords = {methods: numerical, planets and satellites: formation, protoplanetary disks, stars: individual: PDS 70, submillimeter: planetary systems, planet-disk interactions, Astrophysics - Earth and Planetary Astrophysics},
         year = 2023,
        month = sep,
       volume = {677},
          eid = {A76},
        pages = {A76},
          doi = {10.1051/0004-6361/202346607},
archivePrefix = {arXiv},
       eprint = {2306.16850},
 primaryClass = {astro-ph.EP},
       adsurl = {https://ui.adsabs.harvard.edu/abs/2023A&A...677A..76P},
      adsnote = {Provided by the SAO/NASA Astrophysics Data System}
}



@ARTICLE{2022A&A...658A..89P,
       author = {{Portilla-Revelo}, B. and {Kamp}, I. and {Rab}, Ch. and {van Dishoeck}, E.~F. and {Keppler}, M. and {Min}, M. and {Muro-Arena}, G.~A.},
        title = "{Self-consistent modelling of the dust component in protoplanetary and circumplanetary disks: the case of PDS 70}",
      journal = {\aap},
     keywords = {protoplanetary disks, planets and satellites: formation, stars: individual: PDS 70, submillimeter: planetary systems, infrared: planetary systems, methods: numerical, Astrophysics - Earth and Planetary Astrophysics, Astrophysics - Solar and Stellar Astrophysics},
         year = 2022,
        month = feb,
       volume = {658},
          eid = {A89},
        pages = {A89},
          doi = {10.1051/0004-6361/202141764},
archivePrefix = {arXiv},
       eprint = {2111.08648},
 primaryClass = {astro-ph.EP},
       adsurl = {https://ui.adsabs.harvard.edu/abs/2022A&A...658A..89P},
      adsnote = {Provided by the SAO/NASA Astrophysics Data System}
}



@ARTICLE{2014A&A...564A.125B,
       author = {{Buchner}, J. and {Georgakakis}, A. and {Nandra}, K. and {Hsu}, L. and {Rangel}, C. and {Brightman}, M. and {Merloni}, A. and {Salvato}, M. and {Donley}, J. and {Kocevski}, D.},
        title = "{X-ray spectral modelling of the AGN obscuring region in the CDFS: Bayesian model selection and catalogue}",
      journal = {\aap},
     keywords = {accretion, accretion disks, methods: data analysis, methods: statistical, galaxies: nuclei, X-rays: galaxies, galaxies: high-redshift, Astrophysics - High Energy Astrophysical Phenomena, Astrophysics - Cosmology and Nongalactic Astrophysics},
         year = 2014,
        month = apr,
       volume = {564},
          eid = {A125},
        pages = {A125},
          doi = {10.1051/0004-6361/201322971},
archivePrefix = {arXiv},
       eprint = {1402.0004},
 primaryClass = {astro-ph.HE},
       adsurl = {https://ui.adsabs.harvard.edu/abs/2014A&A...564A.125B},
      adsnote = {Provided by the SAO/NASA Astrophysics Data System}
}

@ARTICLE{2024arXiv240310057C,
       author = {{Choksi}, Nick and {Chiang}, Eugene},
        title = "{Spectral Energy Distributions of Disc-Embedded Accreting Protoplanets}",
      journal = {arXiv e-prints},
     keywords = {Astrophysics - Earth and Planetary Astrophysics},
         year = 2024,
        month = mar,
          eid = {arXiv:2403.10057},
        pages = {arXiv:2403.10057},
          doi = {10.48550/arXiv.2403.10057},
archivePrefix = {arXiv},
       eprint = {2403.10057},
 primaryClass = {astro-ph.EP},
       adsurl = {https://ui.adsabs.harvard.edu/abs/2024arXiv240310057C},
      adsnote = {Provided by the SAO/NASA Astrophysics Data System}
}

@ARTICLE{2021AJ....162...99F,
       author = {{Facchini}, Stefano and {Teague}, Richard and {Bae}, Jaehan and {Benisty}, Myriam and {Keppler}, Miriam and {Isella}, Andrea},
        title = "{The Chemical Inventory of the Planet-hosting Disk PDS 70}",
      journal = {\aj},
     keywords = {Astrochemistry, Protoplanetary disks, Exoplanet formation, Interferometry, Chemical abundances, Circumstellar gas, 75, 1300, 492, 808, 224, 238, Astrophysics - Earth and Planetary Astrophysics, Astrophysics - Solar and Stellar Astrophysics},
         year = 2021,
        month = sep,
       volume = {162},
       number = {3},
          eid = {99},
        pages = {99},
          doi = {10.3847/1538-3881/abf0a4},
archivePrefix = {arXiv},
       eprint = {2101.08369},
 primaryClass = {astro-ph.EP},
       adsurl = {https://ui.adsabs.harvard.edu/abs/2021AJ....162...99F},
      adsnote = {Provided by the SAO/NASA Astrophysics Data System}
}



@ARTICLE{2021ApJ...916L...2B,
       author = {{Benisty}, Myriam and {Bae}, Jaehan and {Facchini}, Stefano and {Keppler}, Miriam and {Teague}, Richard and {Isella}, Andrea and {Kurtovic}, Nicolas T. and {P{\'e}rez}, Laura M. and {Sierra}, Anibal and {Andrews}, Sean M. and {Carpenter}, John and {Czekala}, Ian and {Dominik}, Carsten and {Henning}, Thomas and {Menard}, Francois and {Pinilla}, Paola and {Zurlo}, Alice},
        title = "{A Circumplanetary Disk around PDS70c}",
      journal = {\apjl},
     keywords = {Protoplanetary disks, 1300, Astrophysics - Earth and Planetary Astrophysics, Astrophysics - Solar and Stellar Astrophysics},
         year = 2021,
        month = jul,
       volume = {916},
       number = {1},
          eid = {L2},
        pages = {L2},
          doi = {10.3847/2041-8213/ac0f83},
archivePrefix = {arXiv},
       eprint = {2108.07123},
 primaryClass = {astro-ph.EP},
       adsurl = {https://ui.adsabs.harvard.edu/abs/2021ApJ...916L...2B},
      adsnote = {Provided by the SAO/NASA Astrophysics Data System}
}

@ARTICLE{2019ApJ...879L..25I,
       author = {{Isella}, Andrea and {Benisty}, Myriam and {Teague}, Richard and {Bae}, Jaehan and {Keppler}, Miriam and {Facchini}, Stefano and {P{\'e}rez}, Laura},
        title = "{Detection of Continuum Submillimeter Emission Associated with Candidate Protoplanets}",
      journal = {\apjl},
     keywords = {instrumentation: high angular resolution, instrumentation: interferometers, planetary systems, planet{\textendash}disk interactions, planets and satellites: formation, protoplanetary disks, Astrophysics - Earth and Planetary Astrophysics, Astrophysics - Solar and Stellar Astrophysics},
         year = 2019,
        month = jul,
       volume = {879},
       number = {2},
          eid = {L25},
        pages = {L25},
          doi = {10.3847/2041-8213/ab2a12},
archivePrefix = {arXiv},
       eprint = {1906.06308},
 primaryClass = {astro-ph.EP},
       adsurl = {https://ui.adsabs.harvard.edu/abs/2019ApJ...879L..25I},
      adsnote = {Provided by the SAO/NASA Astrophysics Data System}
}

@ARTICLE{2018AJ....156..196R,
       author = {{Ruffio}, Jean-Baptiste and {Mawet}, Dimitri and {Czekala}, Ian and {Macintosh}, Bruce and {De Rosa}, Robert J. and {Ruane}, Garreth and {Bottom}, Michael and {Pueyo}, Laurent and {Wang}, Jason J. and {Hirsch}, Lea and {Zhu}, Zhaohuan and {Nielsen}, Eric L.},
        title = "{A Bayesian Framework for Exoplanet Direct Detection and Non-detection}",
      journal = {\aj},
     keywords = {instrumentation: adaptive optics, instrumentation: high angular resolution, methods: statistical, planetary systems, planet{\textendash}disk interactions, planets and satellites: detection, Astrophysics - Earth and Planetary Astrophysics, Astrophysics - Instrumentation and Methods for Astrophysics},
         year = 2018,
        month = nov,
       volume = {156},
       number = {5},
          eid = {196},
        pages = {196},
          doi = {10.3847/1538-3881/aade95},
archivePrefix = {arXiv},
       eprint = {1809.08261},
 primaryClass = {astro-ph.EP},
       adsurl = {https://ui.adsabs.harvard.edu/abs/2018AJ....156..196R},
      adsnote = {Provided by the SAO/NASA Astrophysics Data System}
}



@Article{         harris2020array,
 title         = {Array programming with {NumPy}},
 author        = {Charles R. Harris and K. Jarrod Millman and St{\'{e}}fan J.
                 van der Walt and Ralf Gommers and Pauli Virtanen and David
                 Cournapeau and Eric Wieser and Julian Taylor and Sebastian
                 Berg and Nathaniel J. Smith and Robert Kern and Matti Picus
                 and Stephan Hoyer and Marten H. van Kerkwijk and Matthew
                 Brett and Allan Haldane and Jaime Fern{\'{a}}ndez del
                 R{\'{i}}o and Mark Wiebe and Pearu Peterson and Pierre
                 G{\'{e}}rard-Marchant and Kevin Sheppard and Tyler Reddy and
                 Warren Weckesser and Hameer Abbasi and Christoph Gohlke and
                 Travis E. Oliphant},
 year          = {2020},
 month         = sep,
 journal       = {Nature},
 volume        = {585},
 number        = {7825},
 pages         = {357--362},
 doi           = {10.1038/s41586-020-2649-2},
 publisher     = {Springer Science and Business Media {LLC}},
 url           = {https://doi.org/10.1038/s41586-020-2649-2}
}

@ARTICLE{gai18,
       author = {{Gaia Collaboration} and {Brown}, A.~G.~A. and {Vallenari}, A. and {Prusti}, T. and {de Bruijne}, J.~H.~J. and {Babusiaux}, C. and {Bailer-Jones}, C.~A.~L. and {Biermann}, M. and {Evans}, D.~W. and {Eyer}, L. and {Jansen}, F. and {Jordi}, C. and {Klioner}, S.~A. and {Lammers}, U. and {Lindegren}, L. and {Luri}, X. and {Mignard}, F. and {Panem}, C. and {Pourbaix}, D. and {Randich}, S. and {Sartoretti}, P. and {Siddiqui}, H.~I. and {Soubiran}, C. and {van Leeuwen}, F. and {Walton}, N.~A. and {Arenou}, F. and {Bastian}, U. and {Cropper}, M. and {Drimmel}, R. and {Katz}, D. and {Lattanzi}, M.~G. and {Bakker}, J. and {Cacciari}, C. and {Casta{\~n}eda}, J. and {Chaoul}, L. and {Cheek}, N. and {De Angeli}, F. and {Fabricius}, C. and {Guerra}, R. and {Holl}, B. and {Masana}, E. and {Messineo}, R. and {Mowlavi}, N. and {Nienartowicz}, K. and {Panuzzo}, P. and {Portell}, J. and {Riello}, M. and {Seabroke}, G.~M. and {Tanga}, P. and {Th{\'e}venin}, F. and {Gracia-Abril}, G. and {Comoretto}, G. and {Garcia-Reinaldos}, M. and {Teyssier}, D. and {Altmann}, M. and {Andrae}, R. and {Audard}, M. and {Bellas-Velidis}, I. and {Benson}, K. and {Berthier}, J. and {Blomme}, R. and {Burgess}, P. and {Busso}, G. and {Carry}, B. and {Cellino}, A. and {Clementini}, G. and {Clotet}, M. and {Creevey}, O. and {Davidson}, M. and {De Ridder}, J. and {Delchambre}, L. and {Dell'Oro}, A. and {Ducourant}, C. and {Fern{\'a}ndez-Hern{\'a}ndez}, J. and {Fouesneau}, M. and {Fr{\'e}mat}, Y. and {Galluccio}, L. and {Garc{\'\i}a-Torres}, M. and {Gonz{\'a}lez-N{\'u}{\~n}ez}, J. and {Gonz{\'a}lez-Vidal}, J.~J. and {Gosset}, E. and {Guy}, L.~P. and {Halbwachs}, J. -L. and {Hambly}, N.~C. and {Harrison}, D.~L. and {Hern{\'a}ndez}, J. and {Hestroffer}, D. and {Hodgkin}, S.~T. and {Hutton}, A. and {Jasniewicz}, G. and {Jean-Antoine-Piccolo}, A. and {Jordan}, S. and {Korn}, A.~J. and {Krone-Martins}, A. and {Lanzafame}, A.~C. and {Lebzelter}, T. and {L{\"o}ffler}, W. and {Manteiga}, M. and {Marrese}, P.~M. and {Mart{\'\i}n-Fleitas}, J.~M. and {Moitinho}, A. and {Mora}, A. and {Muinonen}, K. and {Osinde}, J. and {Pancino}, E. and {Pauwels}, T. and {Petit}, J. -M. and {Recio-Blanco}, A. and {Richards}, P.~J. and {Rimoldini}, L. and {Robin}, A.~C. and {Sarro}, L.~M. and {Siopis}, C. and {Smith}, M. and {Sozzetti}, A. and {S{\"u}veges}, M. and {Torra}, J. and {van Reeven}, W. and {Abbas}, U. and {Abreu Aramburu}, A. and {Accart}, S. and {Aerts}, C. and {Altavilla}, G. and {{\'A}lvarez}, M.~A. and {Alvarez}, R. and {Alves}, J. and {Anderson}, R.~I. and {Andrei}, A.~H. and {Anglada Varela}, E. and {Antiche}, E. and {Antoja}, T. and {Arcay}, B. and {Astraatmadja}, T.~L. and {Bach}, N. and {Baker}, S.~G. and {Balaguer-N{\'u}{\~n}ez}, L. and {Balm}, P. and {Barache}, C. and {Barata}, C. and {Barbato}, D. and {Barblan}, F. and {Barklem}, P.~S. and {Barrado}, D. and {Barros}, M. and {Barstow}, M.~A. and {Bartholom{\'e} Mu{\~n}oz}, S. and {Bassilana}, J. -L. and {Becciani}, U. and {Bellazzini}, M. and {Berihuete}, A. and {Bertone}, S. and {Bianchi}, L. and {Bienaym{\'e}}, O. and {Blanco-Cuaresma}, S. and {Boch}, T. and {Boeche}, C. and {Bombrun}, A. and {Borrachero}, R. and {Bossini}, D. and {Bouquillon}, S. and {Bourda}, G. and {Bragaglia}, A. and {Bramante}, L. and {Breddels}, M.~A. and {Bressan}, A. and {Brouillet}, N. and {Br{\"u}semeister}, T. and {Brugaletta}, E. and {Bucciarelli}, B. and {Burlacu}, A. and {Busonero}, D. and {Butkevich}, A.~G. and {Buzzi}, R. and {Caffau}, E. and {Cancelliere}, R. and {Cannizzaro}, G. and {Cantat-Gaudin}, T. and {Carballo}, R. and {Carlucci}, T. and {Carrasco}, J.~M. and {Casamiquela}, L. and {Castellani}, M. and {Castro-Ginard}, A. and {Charlot}, P. and {Chemin}, L. and {Chiavassa}, A. and {Cocozza}, G. and {Costigan}, G. and {Cowell}, S. and {Crifo}, F. and {Crosta}, M. and {Crowley}, C. and {Cuypers}, J. and {Dafonte}, C. and {Damerdji}, Y. and {Dapergolas}, A. and {David}, P. and {David}, M. and {de Laverny}, P. and {De Luise}, F. and {De March}, R. and {de Martino}, D. and {de Souza}, R. and {de Torres}, A. and {Debosscher}, J. and {del Pozo}, E. and {Delbo}, M. and {Delgado}, A. and {Delgado}, H.~E. and {Di Matteo}, P. and {Diakite}, S. and {Diener}, C. and {Distefano}, E. and {Dolding}, C. and {Drazinos}, P. and {Dur{\'a}n}, J. and {Edvardsson}, B. and {Enke}, H. and {Eriksson}, K. and {Esquej}, P. and {Eynard Bontemps}, G. and {Fabre}, C. and {Fabrizio}, M. and {Faigler}, S. and {Falc{\~a}o}, A.~J. and {Farr{\`a}s Casas}, M. and {Federici}, L. and {Fedorets}, G. and {Fernique}, P. and {Figueras}, F. and {Filippi}, F. and {Findeisen}, K. and {Fonti}, A. and {Fraile}, E. and {Fraser}, M. and {Fr{\'e}zouls}, B. and {Gai}, M. and {Galleti}, S. and {Garabato}, D. and {Garc{\'\i}a-Sedano}, F. and {Garofalo}, A. and {Garralda}, N. and {Gavel}, A. and {Gavras}, P. and {Gerssen}, J. and {Geyer}, R. and {Giacobbe}, P. and {Gilmore}, G. and {Girona}, S. and {Giuffrida}, G. and {Glass}, F. and {Gomes}, M. and {Granvik}, M. and {Gueguen}, A. and {Guerrier}, A. and {Guiraud}, J. and {Guti{\'e}rrez-S{\'a}nchez}, R. and {Haigron}, R. and {Hatzidimitriou}, D. and {Hauser}, M. and {Haywood}, M. and {Heiter}, U. and {Helmi}, A. and {Heu}, J. and {Hilger}, T. and {Hobbs}, D. and {Hofmann}, W. and {Holland}, G. and {Huckle}, H.~E. and {Hypki}, A. and {Icardi}, V. and {Jan{\ss}en}, K. and {Jevardat de Fombelle}, G. and {Jonker}, P.~G. and {Juh{\'a}sz}, {\'A}. L. and {Julbe}, F. and {Karampelas}, A. and {Kewley}, A. and {Klar}, J. and {Kochoska}, A. and {Kohley}, R. and {Kolenberg}, K. and {Kontizas}, M. and {Kontizas}, E. and {Koposov}, S.~E. and {Kordopatis}, G. and {Kostrzewa-Rutkowska}, Z. and {Koubsky}, P. and {Lambert}, S. and {Lanza}, A.~F. and {Lasne}, Y. and {Lavigne}, J. -B. and {Le Fustec}, Y. and {Le Poncin-Lafitte}, C. and {Lebreton}, Y. and {Leccia}, S. and {Leclerc}, N. and {Lecoeur-Taibi}, I. and {Lenhardt}, H. and {Leroux}, F. and {Liao}, S. and {Licata}, E. and {Lindstr{\o}m}, H.~E.~P. and {Lister}, T.~A. and {Livanou}, E. and {Lobel}, A. and {L{\'o}pez}, M. and {Managau}, S. and {Mann}, R.~G. and {Mantelet}, G. and {Marchal}, O. and {Marchant}, J.~M. and {Marconi}, M. and {Marinoni}, S. and {Marschalk{\'o}}, G. and {Marshall}, D.~J. and {Martino}, M. and {Marton}, G. and {Mary}, N. and {Massari}, D. and {Matijevi{\v{c}}}, G. and {Mazeh}, T. and {McMillan}, P.~J. and {Messina}, S. and {Michalik}, D. and {Millar}, N.~R. and {Molina}, D. and {Molinaro}, R. and {Moln{\'a}r}, L. and {Montegriffo}, P. and {Mor}, R. and {Morbidelli}, R. and {Morel}, T. and {Morris}, D. and {Mulone}, A.~F. and {Muraveva}, T. and {Musella}, I. and {Nelemans}, G. and {Nicastro}, L. and {Noval}, L. and {O'Mullane}, W. and {Ord{\'e}novic}, C. and {Ord{\'o}{\~n}ez-Blanco}, D. and {Osborne}, P. and {Pagani}, C. and {Pagano}, I. and {Pailler}, F. and {Palacin}, H. and {Palaversa}, L. and {Panahi}, A. and {Pawlak}, M. and {Piersimoni}, A.~M. and {Pineau}, F. -X. and {Plachy}, E. and {Plum}, G. and {Poggio}, E. and {Poujoulet}, E. and {Pr{\v{s}}a}, A. and {Pulone}, L. and {Racero}, E. and {Ragaini}, S. and {Rambaux}, N. and {Ramos-Lerate}, M. and {Regibo}, S. and {Reyl{\'e}}, C. and {Riclet}, F. and {Ripepi}, V. and {Riva}, A. and {Rivard}, A. and {Rixon}, G. and {Roegiers}, T. and {Roelens}, M. and {Romero-G{\'o}mez}, M. and {Rowell}, N. and {Royer}, F. and {Ruiz-Dern}, L. and {Sadowski}, G. and {Sagrist{\`a} Sell{\'e}s}, T. and {Sahlmann}, J. and {Salgado}, J. and {Salguero}, E. and {Sanna}, N. and {Santana-Ros}, T. and {Sarasso}, M. and {Savietto}, H. and {Schultheis}, M. and {Sciacca}, E. and {Segol}, M. and {Segovia}, J.~C. and {S{\'e}gransan}, D. and {Shih}, I. -C. and {Siltala}, L. and {Silva}, A.~F. and {Smart}, R.~L. and {Smith}, K.~W. and {Solano}, E. and {Solitro}, F. and {Sordo}, R. and {Soria Nieto}, S. and {Souchay}, J. and {Spagna}, A. and {Spoto}, F. and {Stampa}, U. and {Steele}, I.~A. and {Steidelm{\"u}ller}, H. and {Stephenson}, C.~A. and {Stoev}, H. and {Suess}, F.~F. and {Surdej}, J. and {Szabados}, L. and {Szegedi-Elek}, E. and {Tapiador}, D. and {Taris}, F. and {Tauran}, G. and {Taylor}, M.~B. and {Teixeira}, R. and {Terrett}, D. and {Teyssandier}, P. and {Thuillot}, W. and {Titarenko}, A. and {Torra Clotet}, F. and {Turon}, C. and {Ulla}, A. and {Utrilla}, E. and {Uzzi}, S. and {Vaillant}, M. and {Valentini}, G. and {Valette}, V. and {van Elteren}, A. and {Van Hemelryck}, E. and {van Leeuwen}, M. and {Vaschetto}, M. and {Vecchiato}, A. and {Veljanoski}, J. and {Viala}, Y. and {Vicente}, D. and {Vogt}, S. and {von Essen}, C. and {Voss}, H. and {Votruba}, V. and {Voutsinas}, S. and {Walmsley}, G. and {Weiler}, M. and {Wertz}, O. and {Wevers}, T. and {Wyrzykowski}, {\L}. and {Yoldas}, A. and {{\v{Z}}erjal}, M. and {Ziaeepour}, H. and {Zorec}, J. and {Zschocke}, S. and {Zucker}, S. and {Zurbach}, C. and {Zwitter}, T.},
        title = "{Gaia Data Release 2. Summary of the contents and survey properties}",
      journal = {\aap},
     keywords = {catalogs, astrometry, techniques: radial velocities, stars: fundamental parameters, stars: variables: general, minor planets, asteroids: general, Astrophysics - Astrophysics of Galaxies, Astrophysics - Instrumentation and Methods for Astrophysics},
         year = 2018,
        month = aug,
       volume = {616},
          eid = {A1},
        pages = {A1},
          doi = {10.1051/0004-6361/201833051},
archivePrefix = {arXiv},
       eprint = {1804.09365},
 primaryClass = {astro-ph.GA},
       adsurl = {https://ui.adsabs.harvard.edu/abs/2018A&A...616A...1G},
      adsnote = {Provided by the SAO/NASA Astrophysics Data System}
}

@ARTICLE{2018A&A...617L...2M,
       author = {{M{\"u}ller}, A. and {Keppler}, M. and {Henning}, Th. and {Samland}, M. and {Chauvin}, G. and {Beust}, H. and {Maire}, A. -L. and {Molaverdikhani}, K. and {van Boekel}, R. and {Benisty}, M. and {Boccaletti}, A. and {Bonnefoy}, M. and {Cantalloube}, F. and {Charnay}, B. and {Baudino}, J. -L. and {Gennaro}, M. and {Long}, Z.~C. and {Cheetham}, A. and {Desidera}, S. and {Feldt}, M. and {Fusco}, T. and {Girard}, J. and {Gratton}, R. and {Hagelberg}, J. and {Janson}, M. and {Lagrange}, A. -M. and {Langlois}, M. and {Lazzoni}, C. and {Ligi}, R. and {M{\'e}nard}, F. and {Mesa}, D. and {Meyer}, M. and {Molli{\`e}re}, P. and {Mordasini}, C. and {Moulin}, T. and {Pavlov}, A. and {Pawellek}, N. and {Quanz}, S.~P. and {Ramos}, J. and {Rouan}, D. and {Sissa}, E. and {Stadler}, E. and {Vigan}, A. and {Wahhaj}, Z. and {Weber}, L. and {Zurlo}, A.},
        title = "{Orbital and atmospheric characterization of the planet within the gap of the PDS 70 transition disk}",
      journal = {\aap},
     keywords = {planets and satellites: atmospheres, planets and satellites: individual: PDS 70, techniques: spectroscopic, astrometry, methods: observational, Astrophysics - Earth and Planetary Astrophysics},
         year = 2018,
        month = sep,
       volume = {617},
          eid = {L2},
        pages = {L2},
          doi = {10.1051/0004-6361/201833584},
archivePrefix = {arXiv},
       eprint = {1806.11567},
 primaryClass = {astro-ph.EP},
       adsurl = {https://ui.adsabs.harvard.edu/abs/2018A&A...617L...2M},
      adsnote = {Provided by the SAO/NASA Astrophysics Data System}
}



@ARTICLE{2019A&A...632A..25M,
       author = {{Mesa}, D. and {Keppler}, M. and {Cantalloube}, F. and {Rodet}, L. and {Charnay}, B. and {Gratton}, R. and {Langlois}, M. and {Boccaletti}, A. and {Bonnefoy}, M. and {Vigan}, A. and {Flasseur}, O. and {Bae}, J. and {Benisty}, M. and {Chauvin}, G. and {de Boer}, J. and {Desidera}, S. and {Henning}, T. and {Lagrange}, A. -M. and {Meyer}, M. and {Milli}, J. and {M{\"u}ller}, A. and {Pairet}, B. and {Zurlo}, A. and {Antoniucci}, S. and {Baudino}, J. -L. and {Brown Sevilla}, S. and {Cascone}, E. and {Cheetham}, A. and {Claudi}, R.~U. and {Delorme}, P. and {D'Orazi}, V. and {Feldt}, M. and {Hagelberg}, J. and {Janson}, M. and {Kral}, Q. and {Lagadec}, E. and {Lazzoni}, C. and {Ligi}, R. and {Maire}, A. -L. and {Martinez}, P. and {Menard}, F. and {Meunier}, N. and {Perrot}, C. and {Petrus}, S. and {Pinte}, C. and {Rickman}, E.~L. and {Rochat}, S. and {Rouan}, D. and {Samland}, M. and {Sauvage}, J. -F. and {Schmidt}, T. and {Udry}, S. and {Weber}, L. and {Wildi}, F.},
        title = "{VLT/SPHERE exploration of the young multiplanetary system PDS70}",
      journal = {\aap},
     keywords = {instrumentation: spectrographs, methods: data analysis, techniques: imaging spectroscopy, planetary systems, stars: individual: PDS70, Astrophysics - Earth and Planetary Astrophysics, Astrophysics - Solar and Stellar Astrophysics},
         year = 2019,
        month = dec,
       volume = {632},
          eid = {A25},
        pages = {A25},
          doi = {10.1051/0004-6361/201936764},
archivePrefix = {arXiv},
       eprint = {1910.11169},
 primaryClass = {astro-ph.EP},
       adsurl = {https://ui.adsabs.harvard.edu/abs/2019A&A...632A..25M},
      adsnote = {Provided by the SAO/NASA Astrophysics Data System}
}

@ARTICLE{2018ApJ...863L...8W,
       author = {{Wagner}, Kevin and {Follete}, Katherine B. and {Close}, Laird M. and {Apai}, D{\'a}niel and {Gibbs}, Aidan and {Keppler}, Miriam and {M{\"u}ller}, Andr{\'e} and {Henning}, Thomas and {Kasper}, Markus and {Wu}, Ya-Lin and {Long}, Joseph and {Males}, Jared and {Morzinski}, Katie and {McClure}, Melissa},
        title = "{Magellan Adaptive Optics Imaging of PDS 70: Measuring the Mass Accretion Rate of a Young Giant Planet within a Gapped Disk}",
      journal = {\apjl},
     keywords = {planet{\textendash}disk interactions, planets and satellites: detection, planets and satellites: formation, stars: pre-main sequence, Astrophysics - Earth and Planetary Astrophysics, Astrophysics - Solar and Stellar Astrophysics},
         year = 2018,
        month = aug,
       volume = {863},
       number = {1},
          eid = {L8},
        pages = {L8},
          doi = {10.3847/2041-8213/aad695},
archivePrefix = {arXiv},
       eprint = {1807.10766},
 primaryClass = {astro-ph.EP},
       adsurl = {https://ui.adsabs.harvard.edu/abs/2018ApJ...863L...8W},
      adsnote = {Provided by the SAO/NASA Astrophysics Data System}
}



@ARTICLE{2022MNRAS.513.5790C,
       author = {{Casassus}, Simon and {C{\'a}rcamo}, Miguel},
        title = "{Variable structure in the PDS 70 disc and uncertainties in radio-interferometric image restoration}",
      journal = {\mnras},
     keywords = {techniques: interferometric, planets and satellites: formation, protoplanetary discs, stars: individual: PDS 70, Astrophysics - Earth and Planetary Astrophysics, Astrophysics - Solar and Stellar Astrophysics},
         year = 2022,
        month = jul,
       volume = {513},
       number = {4},
        pages = {5790-5798},
          doi = {10.1093/mnras/stac1285},
archivePrefix = {arXiv},
       eprint = {2204.08589},
 primaryClass = {astro-ph.EP},
       adsurl = {https://ui.adsabs.harvard.edu/abs/2022MNRAS.513.5790C},
      adsnote = {Provided by the SAO/NASA Astrophysics Data System}
}



@ARTICLE{2019MNRAS.486..639K,
       author = {{Kammerer}, Jens and {Ireland}, Michael J. and {Martinache}, Frantz and {Girard}, Julien H.},
        title = "{Kernel phase imaging with VLT/NACO: high-contrast detection of new candidate low-mass stellar companions at the diffraction limit}",
      journal = {\mnras},
     keywords = {planets and satellites: detection, planets and satellites: formation, techniques: high angular resolution, techniques: image processing, techniques: interferometric, binaries: close, Astrophysics - Earth and Planetary Astrophysics, Astrophysics - Instrumentation and Methods for Astrophysics},
         year = 2019,
        month = jun,
       volume = {486},
       number = {1},
        pages = {639-654},
          doi = {10.1093/mnras/stz882},
archivePrefix = {arXiv},
       eprint = {1903.11252},
 primaryClass = {astro-ph.EP},
       adsurl = {https://ui.adsabs.harvard.edu/abs/2019MNRAS.486..639K},
      adsnote = {Provided by the SAO/NASA Astrophysics Data System}
}



@ARTICLE{2023PASP..135a4502K,
       author = {{Kammerer}, Jens and {Cooper}, Rachel A. and {Vandal}, Thomas and {Thatte}, Deepashri and {Martinache}, Frantz and {Sivaramakrishnan}, Anand and {Chaushev}, Alexander and {Stolker}, Tomas and {Lloyd}, James P. and {Albert}, Lo{\"\i}c and {Doyon}, Ren{\'e} and {Sallum}, Steph and {Perrin}, Marshall D. and {Pueyo}, Laurent and {M{\'e}rand}, Antoine and {Gallenne}, Alexandre and {Greenbaum}, Alexandra and {Sanchez-Bermudez}, Joel and {Blakely}, Dori and {Johnstone}, Doug and {Volk}, Kevin and {Martel}, Andre and {Goudfrooij}, Paul and {Meyer}, Michael R. and {Willott}, Chris J. and {Furio}, Matthew De and {Dang}, Lisa and {Radica}, Michael and {Noirot}, Ga{\"e}l},
        title = "{The Near Infrared Imager and Slitless Spectrograph for JWST. V. Kernel Phase Imaging and Data Analysis}",
      journal = {\pasp},
     keywords = {High angular resolution, Interferometry, Direct imaging, Astronomy data reduction, 2167, 808, 387, 1861, Astrophysics - Instrumentation and Methods for Astrophysics, Astrophysics - Earth and Planetary Astrophysics, Astrophysics - Solar and Stellar Astrophysics},
         year = 2023,
        month = jan,
       volume = {135},
       number = {1043},
          eid = {014502},
        pages = {014502},
          doi = {10.1088/1538-3873/ac9a74},
archivePrefix = {arXiv},
       eprint = {2210.17528},
 primaryClass = {astro-ph.IM},
       adsurl = {https://ui.adsabs.harvard.edu/abs/2023PASP..135a4502K},
      adsnote = {Provided by the SAO/NASA Astrophysics Data System}
}

@ARTICLE{2018A&A...617L...2M,
       author = {{M{\"u}ller}, A. and {Keppler}, M. and {Henning}, Th. and {Samland}, M. and {Chauvin}, G. and {Beust}, H. and {Maire}, A. -L. and {Molaverdikhani}, K. and {van Boekel}, R. and {Benisty}, M. and {Boccaletti}, A. and {Bonnefoy}, M. and {Cantalloube}, F. and {Charnay}, B. and {Baudino}, J. -L. and {Gennaro}, M. and {Long}, Z.~C. and {Cheetham}, A. and {Desidera}, S. and {Feldt}, M. and {Fusco}, T. and {Girard}, J. and {Gratton}, R. and {Hagelberg}, J. and {Janson}, M. and {Lagrange}, A. -M. and {Langlois}, M. and {Lazzoni}, C. and {Ligi}, R. and {M{\'e}nard}, F. and {Mesa}, D. and {Meyer}, M. and {Molli{\`e}re}, P. and {Mordasini}, C. and {Moulin}, T. and {Pavlov}, A. and {Pawellek}, N. and {Quanz}, S.~P. and {Ramos}, J. and {Rouan}, D. and {Sissa}, E. and {Stadler}, E. and {Vigan}, A. and {Wahhaj}, Z. and {Weber}, L. and {Zurlo}, A.},
        title = "{Orbital and atmospheric characterization of the planet within the gap of the PDS 70 transition disk}",
      journal = {\aap},
     keywords = {planets and satellites: atmospheres, planets and satellites: individual: PDS 70, techniques: spectroscopic, astrometry, methods: observational, Astrophysics - Earth and Planetary Astrophysics},
         year = 2018,
        month = sep,
       volume = {617},
          eid = {L2},
        pages = {L2},
          doi = {10.1051/0004-6361/201833584},
archivePrefix = {arXiv},
       eprint = {1806.11567},
 primaryClass = {astro-ph.EP},
       adsurl = {https://ui.adsabs.harvard.edu/abs/2018A&A...617L...2M},
      adsnote = {Provided by the SAO/NASA Astrophysics Data System}
}



@INPROCEEDINGS{2012SPIE.8442E..2SS,
       author = {{Sivaramakrishnan}, Anand and {Lafreni{\`e}re}, David and {Ford}, K.~E. Saavik and {McKernan}, Barry and {Cheetham}, Anthony and {Greenbaum}, Alexandra Z. and {Tuthill}, Peter G. and {Lloyd}, James P. and {Ireland}, Michael J. and {Doyon}, Ren{\'e} and {Beaulieu}, Mathilde and {Martel}, Andr{\'e} and {Koekemoer}, Anton and {Martinache}, Frantz and {Teuben}, Peter},
        title = "{Non-redundant Aperture Masking Interferometry (AMI) and segment phasing with JWST-NIRISS}",
    booktitle = {Space Telescopes and Instrumentation 2012: Optical, Infrared, and Millimeter Wave},
         year = 2012,
       editor = {{Clampin}, Mark C. and {Fazio}, Giovanni G. and {MacEwen}, Howard A. and {Oschmann}, Jacobus M., Jr.},
       series = {Society of Photo-Optical Instrumentation Engineers (SPIE) Conference Series},
       volume = {8442},
        month = sep,
          eid = {84422S},
        pages = {84422S},
          doi = {10.1117/12.925565},
       adsurl = {https://ui.adsabs.harvard.edu/abs/2012SPIE.8442E..2SS},
      adsnote = {Provided by the SAO/NASA Astrophysics Data System}
}



@ARTICLE{2023PASP..135a5003S,
       author = {{Sivaramakrishnan}, Anand and {Tuthill}, Peter and {Lloyd}, James P. and {Greenbaum}, Alexandra Z. and {Thatte}, Deepashri and {Cooper}, Rachel A. and {Vandal}, Thomas and {Kammerer}, Jens and {Sanchez-Bermudez}, Joel and {Pope}, Benjamin J.~S. and {Blakely}, Dori and {Albert}, Lo{\"\i}c and {Cook}, Neil J. and {Johnstone}, Doug and {Martel}, Andr{\'e} R. and {Volk}, Kevin and {Soulain}, Anthony and {Artigau}, {\'E}tienne and {Lafreni{\`e}re}, David and {Willott}, Chris J. and {Parmentier}, S{\'e}bastien and {Ford}, K.~E. Saavik and {McKernan}, Barry and {Vila}, M. Bego{\~n}a and {Rowlands}, Neil and {Doyon}, Ren{\'e} and {Beaulieu}, Mathilde and {Desdoigts}, Louis and {Fullerton}, Alexander W. and {De Furio}, Matthew and {Goudfrooij}, Paul and {Holfeltz}, Sherie T. and {LaMassa}, Stephanie and {Maszkiewicz}, Michael and {Meyer}, Michael R. and {Perrin}, Marshall D. and {Pueyo}, Laurent and {Sahlmann}, Johannes and {Sohn}, Sangmo Tony and {Teixeira}, Paula S. and {Zheng}, Sheng-hai},
        title = "{The Near Infrared Imager and Slitless Spectrograph for the James Webb Space Telescope. IV. Aperture Masking Interferometry}",
      journal = {\pasp},
     keywords = {High angular resolution, Interferometers, Direct detection interferometry, Astronomy data reduction, 2167, 805, 386, 1861, Astrophysics - Instrumentation and Methods for Astrophysics},
         year = 2023,
        month = jan,
       volume = {135},
       number = {1043},
          eid = {015003},
        pages = {015003},
          doi = {10.1088/1538-3873/acaebd},
archivePrefix = {arXiv},
       eprint = {2210.17434},
 primaryClass = {astro-ph.IM},
       adsurl = {https://ui.adsabs.harvard.edu/abs/2023PASP..135a5003S},
      adsnote = {Provided by the SAO/NASA Astrophysics Data System}
}



@software{2023ascl.soft02021S,
       author = {{Soulain}, A. and {Robert C.~M.~T.}},
        title = "{AMICAL: Aperture Masking Interferometry Calibration and Analysis Library}",
 howpublished = {Astrophysics Source Code Library, record ascl:2302.021},
         year = 2023,
        month = feb,
          eid = {ascl:2302.021},
       adsurl = {https://ui.adsabs.harvard.edu/abs/2023ascl.soft02021S},
      adsnote = {Provided by the SAO/NASA Astrophysics Data System}
}

@article{Xuan2024,
author={Xuan, Jerry W.
and M{\'e}rand, A.
and Thompson, W.
and Zhang, Y.
and Lacour, S.
and Blakely, D.
and Mawet, D.
and Oppenheimer, R.
and Kammerer, J.
and Batygin, K.
and Sanghi, A.
and Wang, J.
and Ruffio, J.-B.
and Liu, M. C.
and Knutson, H.
and Brandner, W.
and Burgasser, A.
and Rickman, E.
and Bowens-Rubin, R.
and Salama, M.
and Balmer, W.
and Blunt, S.
and Bourdarot, G.
and Caselli, P.
and Chauvin, G.
and Davies, R.
and Drescher, A.
and Eckart, A.
and Eisenhauer, F.
and Fabricius, M.
and Feuchtgruber, H.
and Finger, G.
and F{\"o}rster Schreiber, N. M.
and Garcia, P.
and Genzel, R.
and Gillessen, S.
and Grant, S.
and Hartl, M.
and Hau{\ss}mann, F.
and Henning, T.
and Hinkley, S.
and H{\"o}nig, S. F.
and Horrobin, M.
and Houll{\'e}, M.
and Janson, M.
and Kervella, P.
and Kral, Q.
and Kreidberg, L.
and Le Bouquin, J.-B.
and Lutz, D.
and Mang, F.
and Marleau, G.-D.
and Millour, F.
and More, N.
and Nowak, M.
and Ott, T.
and Otten, G.
and Paumard, T.
and Rabien, S.
and Rau, C.
and Ribeiro, D. C.
and Sadun Bordoni, M.
and Sauter, J.
and Shangguan, J.
and Shimizu, T. T.
and Sykes, C.
and Soulain, A.
and Spezzano, S.
and Straubmeier, C.
and Stolker, T.
and Sturm, E.
and Subroweit, M.
and Tacconi, L. J.
and van Dishoeck, E. F.
and Vigan, A.
and Widmann, F.
and Wieprecht, E.
and Winterhalder, T. O.
and Woillez, J.},
title={The cool brown dwarf Gliese 229 B is a close binary},
journal={Nature},
year={2024},
month={Oct},
day={16},
abstract={Owing to their similarities with giant exoplanets, brown dwarf companions of stars provide insights into the fundamental processes of planet formation and evolution. From their orbits, several brown dwarf companions are found to be more massive than theoretical predictions given their luminosities and the ages of their host stars1--3. Either the theory is incomplete or these objects are not single entities. For example, they could be two brown dwarfs each with a lower mass and intrinsic luminosity1,4. The most problematic example is Gliese{\thinspace}229{\thinspace}B (refs.{\thinspace}5,6), which is at least 2--6 times less luminous than model predictions given its dynamical mass of 71.4{\thinspace}{\textpm}{\thinspace}0.6 Jupiter masses (MJup) (ref.{\thinspace}1). We observed Gliese{\thinspace}229{\thinspace}B with the GRAVITY interferometer and, separately, the CRIRES+ spectrograph at the Very Large Telescope. Both sets of observations independently resolve Gliese{\thinspace}229{\thinspace}B into two components, Gliese{\thinspace}229{\thinspace}Ba and Bb, settling the conflict between theory and observations. The two objects have a flux ratio of 0.47{\thinspace}{\textpm}{\thinspace}0.03 at a wavelength of 2{\thinspace}$\mu$m and masses of 38.1{\thinspace}{\textpm}{\thinspace}1.0 and 34.4{\thinspace}{\textpm}{\thinspace}1.5{\thinspace}MJup, respectively. They orbit each other every 12.1{\thinspace}days with a semimajor axis of 0.042 astronomical units (au). The discovery of Gliese{\thinspace}229{\thinspace}BaBb, each only a few times more massive than the most massive planets, and separated by 16 times the Earth--moon distance, raises new questions about the formation and prevalence of tight binary brown dwarfs around stars.},
issn={1476-4687},
doi={10.1038/s41586-024-08064-x},
url={https://doi.org/10.1038/s41586-024-08064-x}
}



@ARTICLE{2024ApJ...963..127L,
       author = {{Lau}, Ryan M. and {Hankins}, Matthew J. and {Sanchez-Bermudez}, Joel and {Thatte}, Deepashri and {Soulain}, Anthony and {Cooper}, Rachel A. and {Sivaramakrishnan}, Anand and {Corcoran}, Michael F. and {Greenbaum}, Alexandra Z. and {Gull}, Theodore R. and {Han}, Yinuo and {Jones}, Olivia C. and {Madura}, Thomas and {Moffat}, Anthony F.~J. and {Morris}, Mark R. and {Onaka}, Takashi and {Russell}, Christopher M.~P. and {Richardson}, Noel D. and {Smith}, Nathan and {Tuthill}, Peter and {Volk}, Kevin and {Weigelt}, Gerd and {Williams}, Peredur M.},
        title = "{A First Look with JWST Aperture Masking Interferometry: Resolving Circumstellar Dust around the Wolf{\textendash}Rayet Binary WR 137 beyond the Rayleigh Limit}",
      journal = {\apj},
     keywords = {Circumstellar dust, WC stars, High contrast techniques, James Webb Space Telescope, Massive stars, 236, 1793, 2369, 2291, 732, Astrophysics - Solar and Stellar Astrophysics, Astrophysics - Earth and Planetary Astrophysics},
         year = 2024,
        month = mar,
       volume = {963},
       number = {2},
          eid = {127},
        pages = {127},
          doi = {10.3847/1538-4357/ad192c},
archivePrefix = {arXiv},
       eprint = {2311.15948},
 primaryClass = {astro-ph.SR},
       adsurl = {https://ui.adsabs.harvard.edu/abs/2024ApJ...963..127L},
      adsnote = {Provided by the SAO/NASA Astrophysics Data System}
}



@ARTICLE{2023arXiv231011508R,
       author = {{Ray}, Shrishmoy and {Sallum}, Steph and {Hinkley}, Sasha and {Sivamarakrishnan}, Anand and {Cooper}, Rachel and {Kammerer}, Jens and {Greebaum}, Alexandra Z. and {Thatte}, Deepashri and {Lazzoni}, Cecilia and {Tokovinin}, Andrei and {de Furio}, Matthew and {Factor}, Samuel and {Meyer}, Michael and {Stone}, Jordan M. and {Carter}, Aarynn and {Biller}, Beth and {Skemer}, Andrew and {Suarez}, Genaro and {Leisenring}, Jarron M. and {Perrin}, Marshall D. and {Kraus}, Adam L. and {Absil}, Olivier and {Balmer}, William O. and {Bonnefoy}, Mickael and {Bryan}, Marta L. and {Betti}, Sarah K. and {Boccaletti}, Anthony and {Bonavita}, Mariangela and {Booth}, Mark and {Bowler}, Brendan P. and {Briesemeister}, Zackery W. and {Cantalloube}, Faustine and {Chauvin}, Gael and {Christiaens}, Valentin and {Cugno}, Gabriele and {Currie}, Thayne and {Danielski}, Camilla and {Dupuy}, Trent J. and {Faherty}, Jacqueline K. and {Chen}, Christine H. and {Calissendorff}, Per and {Choquet}, Elodie and {Fitzgerald}, Michael P. and {Fortney}, Jonathan J. and {Franson}, Kyle and {Girard}, Julien H. and {Grady}, Carol A. and {Gonzales}, Eileen C. and {Henning}, Thomas and {Hines}, Dean C. and {Hoch}, Kielan K.~W. and {Hood}, Callie E. and {Howe}, Alex R. and {Janson}, Markus and {Kalas}, Paul and {Kennedy}, Grant M. and {Kenworthy}, Matthew A. and {Kervella}, Pierre and {Kitzmann}, Daniel and {Kuzuhara}, Masayuki and {Lagrange}, Anne-Marie and {Lagage}, Pierre-Olivier and {Lawson}, Kellen and {Lew}, Ben W.~P. and {Liu}, Michael C. and {Liu}, Pengyu and {Llop-Sayson}, Jorge and {Lloyd}, James P. and {Lueber}, Anna and {Macintosh}, Bruce and {Manjavacas}, Elena and {Marino}, Sebastian and {Marley}, Mark S. and {Marois}, Christian and {Martinez}, Raquel A. and {Matthews}, Brenda C. and {Matthews}, Elisabeth C. and {Mawet}, Dimitri and {Mazoyer}, Johan and {McElwain}, Michael W. and {Metchev}, Stanimir and {Miles}, Brittany E. and {Millar-Blanchaer}, Maxwell A. and {Molliere}, Paul and {Moran}, Sarah E. and {Morley}, Caroline V. and {Mukherjee}, Sagnick and {Palma-Bifani}, Paulina and {Pantin}, Eric and {Patapis}, Polychronis and {Petrus}, Simon and {Pueyo}, Laurent and {Quanz}, Sascha P. and {Quirrenbach}, Andreas and {Rebollido}, Isabel and {Adams Redai}, Jea and {Ren}, Bin B. and {Rickman}, Emily and {Samland}, Matthias and {Sargent}, B.~A. and {Schlieder}, Joshua E. and {Schneider}, Glenn and {Stapelfeldt}, Karl R. and {Sutlieff}, Ben J. and {Tamura}, Motohide and {Tan}, Xianyu and {Theissen}, Christopher A. and {Uyama}, Taichi and {Vigan}, Arthur and {Vasist}, Malavika and {Vos}, Johanna M. and {Wagner}, Kevin and {Wang}, Jason J. and {Ward-Duong}, Kimberly and {Whiteford}, Niall and {Wolff}, Schuyler G. and {Worthen}, Kadin and {Wyatt}, Mark C. and {Ygouf}, Marie and {Zhang}, Xi and {Zhang}, Keming and {Zhang}, Zhoujian and {Zhou}, Yifan},
        title = "{The \textbackslashtextit\{JWST\} Early Release Science Program for Direct Observations of Exoplanetary Systems III: Aperture Masking Interferometric Observations of the star HIP\textbackslash,65426 at $\boldsymbol{3.8\,\rm{\mu m}}$}",
      journal = {arXiv e-prints},
     keywords = {Astrophysics - Earth and Planetary Astrophysics, Astrophysics - Instrumentation and Methods for Astrophysics},
         year = 2023,
        month = oct,
          eid = {arXiv:2310.11508},
        pages = {arXiv:2310.11508},
          doi = {10.48550/arXiv.2310.11508},
archivePrefix = {arXiv},
       eprint = {2310.11508},
 primaryClass = {astro-ph.EP},
       adsurl = {https://ui.adsabs.harvard.edu/abs/2023arXiv231011508R},
      adsnote = {Provided by the SAO/NASA Astrophysics Data System}
}



@software{sergey_koposov_2023_7600689,
  author       = {Sergey Koposov and
                  Josh Speagle and
                  Kyle Barbary and
                  Gregory Ashton and
                  Ed Bennett and
                  Johannes Buchner and
                  Carl Scheffler and
                  Ben Cook and
                  Colm Talbot and
                  James Guillochon and
                  Patricio Cubillos and
                  Andrés Asensio Ramos and
                  Ben Johnson and
                  Dustin Lang and
                  Ilya and
                  Matthieu Dartiailh and
                  Alex Nitz and
                  Andrew McCluskey and
                  Anne Archibald and
                  Christoph Deil and
                  Dan Foreman-Mackey and
                  Danny Goldstein and
                  Erik Tollerud and
                  Joel Leja and
                  Matthew Kirk and
                  Matt Pitkin and
                  Patrick Sheehan and
                  Phillip Cargile and
                  Ruskin Patel and
                  Ruth Angus},
  title        = {joshspeagle/dynesty: v2.1.0},
  month        = feb,
  year         = 2023,
  publisher    = {Zenodo},
  version      = {v2.1.0},
  doi          = {10.5281/zenodo.7600689},
  url          = {https://doi.org/10.5281/zenodo.7600689}
}

@Article{Hunter:2007,
  Author    = {Hunter, J. D.},
  Title     = {Matplotlib: A 2D graphics environment},
  Journal   = {Computing in Science \& Engineering},
  Volume    = {9},
  Number    = {3},
  Pages     = {90--95},
  abstract  = {Matplotlib is a 2D graphics package used for Python for
  application development, interactive scripting, and publication-quality
  image generation across user interfaces and operating systems.},
  publisher = {IEEE COMPUTER SOC},
  doi       = {10.1109/MCSE.2007.55},
  year      = 2007
}

@ARTICLE{2023Natur.620..516P,
       author = {{Perotti}, G. and {Christiaens}, V. and {Henning}, Th. and {Tabone}, B. and {Waters}, L.~B.~F.~M. and {Kamp}, I. and {Olofsson}, G. and {Grant}, S.~L. and {Gasman}, D. and {Bouwman}, J. and {Samland}, M. and {Franceschi}, R. and {van Dishoeck}, E.~F. and {Schwarz}, K. and {G{\"u}del}, M. and {Lagage}, P. -O. and {Ray}, T.~P. and {Vandenbussche}, B. and {Abergel}, A. and {Absil}, O. and {Arabhavi}, A.~M. and {Argyriou}, I. and {Barrado}, D. and {Boccaletti}, A. and {Caratti o Garatti}, A. and {Geers}, V. and {Glauser}, A.~M. and {Justannont}, K. and {Lahuis}, F. and {Mueller}, M. and {Nehm{\'e}}, C. and {Pantin}, E. and {Scheithauer}, S. and {Waelkens}, C. and {Guadarrama}, R. and {Jang}, H. and {Kanwar}, J. and {Morales-Calder{\'o}n}, M. and {Pawellek}, N. and {Rodgers-Lee}, D. and {Schreiber}, J. and {Colina}, L. and {Greve}, T.~R. and {{\"O}stlin}, G. and {Wright}, G.},
        title = "{Water in the terrestrial planet-forming zone of the PDS 70 disk}",
      journal = {\nat},
     keywords = {Astrophysics - Earth and Planetary Astrophysics, Astrophysics - Solar and Stellar Astrophysics},
         year = 2023,
        month = aug,
       volume = {620},
       number = {7974},
        pages = {516-520},
          doi = {10.1038/s41586-023-06317-9},
archivePrefix = {arXiv},
       eprint = {2307.12040},
 primaryClass = {astro-ph.EP},
       adsurl = {https://ui.adsabs.harvard.edu/abs/2023Natur.620..516P},
      adsnote = {Provided by the SAO/NASA Astrophysics Data System}
}



@ARTICLE{2023A&A...675A.172B,
       author = {{Balsalobre-Ruza}, O. and {de Gregorio-Monsalvo}, I. and {Lillo-Box}, J. and {Hu{\'e}lamo}, N. and {Ribas}, {\'A}. and {Benisty}, M. and {Bae}, J. and {Facchini}, S. and {Teague}, R.},
        title = "{Tentative co-orbital submillimeter emission within the Lagrangian region L$_{5}$ of the protoplanet PDS 70 b}",
      journal = {\aap},
     keywords = {techniques: interferometric, planet-disk interactions, stars: early-type, planets and satellites: detection, planets and satellites: formation, protoplanetary disks, Astrophysics - Earth and Planetary Astrophysics},
         year = 2023,
        month = jul,
       volume = {675},
          eid = {A172},
        pages = {A172},
          doi = {10.1051/0004-6361/202346493},
archivePrefix = {arXiv},
       eprint = {2307.12811},
 primaryClass = {astro-ph.EP},
       adsurl = {https://ui.adsabs.harvard.edu/abs/2023A&A...675A.172B},
      adsnote = {Provided by the SAO/NASA Astrophysics Data System}
}

@ARTICLE{2021AJ....161..148W,
       author = {{Wang}, J.~J. and {Vigan}, A. and {Lacour}, S. and {Nowak}, M. and {Stolker}, T. and {De Rosa}, R.~J. and {Ginzburg}, S. and {Gao}, P. and {Abuter}, R. and {Amorim}, A. and {Asensio-Torres}, R. and {Baub{\"o}ck}, M. and {Benisty}, M. and {Berger}, J.~P. and {Beust}, H. and {Beuzit}, J. -L. and {Blunt}, S. and {Boccaletti}, A. and {Bohn}, A. and {Bonnefoy}, M. and {Bonnet}, H. and {Brandner}, W. and {Cantalloube}, F. and {Caselli}, P. and {Charnay}, B. and {Chauvin}, G. and {Choquet}, E. and {Christiaens}, V. and {Cl{\'e}net}, Y. and {Coud{\'e} Du Foresto}, V. and {Cridland}, A. and {de Zeeuw}, P.~T. and {Dembet}, R. and {Dexter}, J. and {Drescher}, A. and {Duvert}, G. and {Eckart}, A. and {Eisenhauer}, F. and {Facchini}, S. and {Gao}, F. and {Garcia}, P. and {Garcia Lopez}, R. and {Gardner}, T. and {Gendron}, E. and {Genzel}, R. and {Gillessen}, S. and {Girard}, J. and {Haubois}, X. and {Hei{\ss}el}, G. and {Henning}, T. and {Hinkley}, S. and {Hippler}, S. and {Horrobin}, M. and {Houll{\'e}}, M. and {Hubert}, Z. and {Jim{\'e}nez-Rosales}, A. and {Jocou}, L. and {Kammerer}, J. and {Keppler}, M. and {Kervella}, P. and {Meyer}, M. and {Kreidberg}, L. and {Lagrange}, A. -M. and {Lapeyr{\`e}re}, V. and {Le Bouquin}, J. -B. and {L{\'e}na}, P. and {Lutz}, D. and {Maire}, A. -L. and {M{\'e}nard}, F. and {M{\'e}rand}, A. and {Molli{\`e}re}, P. and {Monnier}, J.~D. and {Mouillet}, D. and {M{\"u}ller}, A. and {Nasedkin}, E. and {Ott}, T. and {Otten}, G.~P.~P.~L. and {Paladini}, C. and {Paumard}, T. and {Perraut}, K. and {Perrin}, G. and {Pfuhl}, O. and {Pueyo}, L. and {Rameau}, J. and {Rodet}, L. and {Rodr{\'\i}guez-Coira}, G. and {Rousset}, G. and {Scheithauer}, S. and {Shangguan}, J. and {Shimizu}, T. and {Stadler}, J. and {Straub}, O. and {Straubmeier}, C. and {Sturm}, E. and {Tacconi}, L.~J. and {van Dishoeck}, E.~F. and {Vincent}, F. and {von Fellenberg}, S.~D. and {Ward-Duong}, K. and {Widmann}, F. and {Wieprecht}, E. and {Wiezorrek}, E. and {Woillez}, J. and {Gravity Collaboration}},
        title = "{Constraining the Nature of the PDS 70 Protoplanets with VLTI/GRAVITY}",
      journal = {\aj},
     keywords = {Exoplanet formation, Exoplanet atmospheres, Orbit determination, Long baseline interferometry, 492, 487, 1175, 932, Astrophysics - Earth and Planetary Astrophysics, Astrophysics - Solar and Stellar Astrophysics},
         year = 2021,
        month = mar,
       volume = {161},
       number = {3},
          eid = {148},
        pages = {148},
          doi = {10.3847/1538-3881/abdb2d},
archivePrefix = {arXiv},
       eprint = {2101.04187},
 primaryClass = {astro-ph.EP},
       adsurl = {https://ui.adsabs.harvard.edu/abs/2021AJ....161..148W},
      adsnote = {Provided by the SAO/NASA Astrophysics Data System}
}

@ARTICLE{2019ApJ...877L..33C,
       author = {{Christiaens}, Valentin and {Cantalloube}, Faustine and {Casassus}, Simon and {Price}, Daniel J. and {Absil}, Olivier and {Pinte}, Christophe and {Girard}, Julien and {Montesinos}, Matias},
        title = "{Evidence for a Circumplanetary Disk around Protoplanet PDS 70 b}",
      journal = {\apjl},
     keywords = {planet{\textendash}disk interactions, planets and satellites: formation, protoplanetary disks, stars: individual: PDS 70, techniques: image processing, Astrophysics - Earth and Planetary Astrophysics},
         year = 2019,
        month = jun,
       volume = {877},
       number = {2},
          eid = {L33},
        pages = {L33},
          doi = {10.3847/2041-8213/ab212b},
archivePrefix = {arXiv},
       eprint = {1905.06370},
 primaryClass = {astro-ph.EP},
       adsurl = {https://ui.adsabs.harvard.edu/abs/2019ApJ...877L..33C},
      adsnote = {Provided by the SAO/NASA Astrophysics Data System}
}



@software{2021ascl.soft01003W,
       author = {{Wang}, Jason J. and {Kulikauskas}, Matas and {Blunt}, Sarah},
        title = "{whereistheplanet: Predicting positions of directly imaged companions}",
 howpublished = {Astrophysics Source Code Library, record ascl:2101.003},
         year = 2021,
        month = jan,
          eid = {ascl:2101.003},
       adsurl = {https://ui.adsabs.harvard.edu/abs/2021ascl.soft01003W},
      adsnote = {Provided by the SAO/NASA Astrophysics Data System}
}

@ARTICLE{2020ApJ...892...81T,
       author = {{Thanathibodee}, Thanawuth and {Molina}, Brandon and {Calvet}, Nuria and {Serna}, Javier and {Bae}, Jaehan and {Reynolds}, Mark and {Hern{\'a}ndez}, Jes{\'u}s and {Muzerolle}, James and {Hern{\'a}ndez}, Ramiro Franco},
        title = "{Variable Accretion onto Protoplanet Host Star PDS 70}",
      journal = {\apj},
     keywords = {Stellar accretion, Accretion, Protoplanetary disks, H I line emission, T Tauri stars, 1578, 14, 1300, 690, 1681, Astrophysics - Solar and Stellar Astrophysics, Astrophysics - Earth and Planetary Astrophysics},
         year = 2020,
        month = apr,
       volume = {892},
       number = {2},
          eid = {81},
        pages = {81},
          doi = {10.3847/1538-4357/ab77c1},
archivePrefix = {arXiv},
       eprint = {2002.07283},
 primaryClass = {astro-ph.SR},
       adsurl = {https://ui.adsabs.harvard.edu/abs/2020ApJ...892...81T},
      adsnote = {Provided by the SAO/NASA Astrophysics Data System}
}



@ARTICLE{2023PASP..135i8001D,
       author = {{Doyon}, Ren{\'e} and {Willott}, Chris J. and {Hutchings}, John B. and {Sivaramakrishnan}, Anand and {Albert}, Lo{\"\i}c and {Lafreni{\`e}re}, David and {Rowlands}, Neil and {Bego{\~n}a Vila}, M. and {Martel}, Andr{\'e} R. and {LaMassa}, Stephanie and {Aldridge}, David and {Artigau}, {\'E}tienne and {Cameron}, Peter and {Chayer}, Pierre and {Cook}, Neil J. and {Cooper}, Rachel A. and {Darveau-Bernier}, Antoine and {Dupuis}, Jean and {Earnshaw}, Colin and {Espinoza}, N{\'e}stor and {Filippazzo}, Joseph C. and {Fullerton}, Alexander W. and {Gaudreau}, Daniel and {Gawlik}, Roman and {Goudfrooij}, Paul and {Haley}, Craig and {Kammerer}, Jens and {Kendall}, David and {Lambros}, Scott D. and {Ignat}, Luminita Ilinca and {Maszkiewicz}, Michael and {McColgan}, Ashley and {Morishita}, Takahiro and {Ouellette}, Nathalie N. -Q. and {Pacifici}, Camilla and {Philippi}, Natasha and {Radica}, Michael and {Ravindranath}, Swara and {Rowe}, Jason and {Roy}, Arpita and {Roy}, Niladri and {Saad}, Karl and {Sohn}, Sangmo Tony and {Talens}, Geert Jan and {Touahri}, Driss and {Thatte}, Deepashri and {Taylor}, Joanna M. and {Vandal}, Thomas and {Volk}, Kevin and {Wander}, Michel and {Warner}, Gerald and {Zheng}, Sheng-Hai and {Zhou}, Julia and {Abraham}, Roberto and {Beaulieu}, Mathilde and {Benneke}, Bj{\"o}rn and {Ferrarese}, Laura and {Jayawardhana}, Ray and {Johnstone}, Doug and {Kaltenegger}, Lisa and {Meyer}, Michael R. and {Pipher}, Judy L. and {Rameau}, Julien and {Rieke}, Marcia and {Salhi}, Salma and {Sawicki}, Marcin},
        title = "{The Near Infrared Imager and Slitless Spectrograph for the James Webb Space Telescope. I. Instrument Overview and In-flight Performance}",
      journal = {\pasp},
     keywords = {Space vehicle instruments, Astronomical instrumentation, 1548, 799, Astrophysics - Instrumentation and Methods for Astrophysics},
         year = 2023,
        month = sep,
       volume = {135},
       number = {1051},
          eid = {098001},
        pages = {098001},
          doi = {10.1088/1538-3873/acd41b},
archivePrefix = {arXiv},
       eprint = {2306.03277},
 primaryClass = {astro-ph.IM},
       adsurl = {https://ui.adsabs.harvard.edu/abs/2023PASP..135i8001D},
      adsnote = {Provided by the SAO/NASA Astrophysics Data System}
}

@ARTICLE{2003A&A...399..297W,
       author = {{Woitke}, P. and {Helling}, Ch.},
        title = "{Dust in brown dwarfs. II. The coupled problem of dust formation and sedimentation}",
      journal = {\aap},
     keywords = {stars: atmospheres, stars: low-mass, brown dwarfs, dust, extinction, molecular processes, methods: numerical},
         year = 2003,
        month = feb,
       volume = {399},
        pages = {297-313},
          doi = {10.1051/0004-6361:20021734},
       adsurl = {https://ui.adsabs.harvard.edu/abs/2003A&A...399..297W},
      adsnote = {Provided by the SAO/NASA Astrophysics Data System}
}

@ARTICLE{2004A&A...414..335W,
       author = {{Woitke}, P. and {Helling}, Ch.},
        title = "{Dust in brown dwarfs. III. Formation and structure of quasi-static cloud layers}",
      journal = {\aap},
     keywords = {stars: atmospheres, stars: low-mass, brown dwarfs, dust, extinction, molecular processes, methods: numerical},
         year = 2004,
        month = jan,
       volume = {414},
        pages = {335-350},
          doi = {10.1051/0004-6361:20031605},
       adsurl = {https://ui.adsabs.harvard.edu/abs/2004A&A...414..335W},
      adsnote = {Provided by the SAO/NASA Astrophysics Data System}
}

@ARTICLE{2006A&A...455..325H,
       author = {{Helling}, Ch. and {Woitke}, P.},
        title = "{Dust in brown dwarfs. V. Growth and evaporation of dirty dust grains}",
      journal = {\aap},
     keywords = {stars: atmospheres, stars: low-mass, brown dwarfs, methods: numerical, astrochemistry},
         year = 2006,
        month = aug,
       volume = {455},
       number = {1},
        pages = {325-338},
          doi = {10.1051/0004-6361:20054598},
       adsurl = {https://ui.adsabs.harvard.edu/abs/2006A&A...455..325H},
      adsnote = {Provided by the SAO/NASA Astrophysics Data System}
}

@ARTICLE{2008ApJ...675L.105H,
       author = {{Helling}, Christiane and {Dehn}, Matthias and {Woitke}, Peter and {Hauschildt}, Peter H.},
        title = "{Consistent Simulations of Substellar Atmospheres and Nonequilibrium Dust Cloud Formation}",
      journal = {\apjl},
     keywords = {astrochemistry, methods: numerical, stars: atmospheres, Astrophysics},
         year = 2008,
        month = mar,
       volume = {675},
       number = {2},
        pages = {L105},
          doi = {10.1086/533462},
archivePrefix = {arXiv},
       eprint = {0801.3733},
 primaryClass = {astro-ph},
       adsurl = {https://ui.adsabs.harvard.edu/abs/2008ApJ...675L.105H},
      adsnote = {Provided by the SAO/NASA Astrophysics Data System}
}



@ARTICLE{2023AJ....166..164T,
       author = {{Thompson}, William and {Lawrence}, Jensen and {Blakely}, Dori and {Marois}, Christian and {Wang}, Jason and {Giordano}, Mos{\'e} and {Brandt}, Timothy and {Johnstone}, Doug and {Ruffio}, Jean-Baptiste and {Ammons}, S. Mark and {Crotts}, Katie A. and {Do {\'O}}, Clarissa R. and {Gonzales}, Eileen C. and {Rice}, Malena},
        title = "{Octofitter: Fast, Flexible, and Accurate Orbit Modeling to Detect Exoplanets}",
      journal = {\aj},
     keywords = {Exoplanet detection methods, Bayesian statistics, Direct imaging, 489, 1900, 387, Astrophysics - Earth and Planetary Astrophysics, Astrophysics - Instrumentation and Methods for Astrophysics},
         year = 2023,
        month = oct,
       volume = {166},
       number = {4},
          eid = {164},
        pages = {164},
          doi = {10.3847/1538-3881/acf5cc},
archivePrefix = {arXiv},
       eprint = {2402.01971},
 primaryClass = {astro-ph.EP},
       adsurl = {https://ui.adsabs.harvard.edu/abs/2023AJ....166..164T},
      adsnote = {Provided by the SAO/NASA Astrophysics Data System}
}



@ARTICLE{2023AJ....165...29T,
       author = {{Thompson}, William and {Marois}, Christian and {Do {\'O}}, Clarissa R. and {Konopacky}, Quinn and {Ruffio}, Jean-Baptiste and {Wang}, Jason and {Skemer}, Andy J. and {De Rosa}, Robert J. and {Macintosh}, Bruce},
        title = "{Deep Orbital Search for Additional Planets in the HR 8799 System}",
      journal = {\aj},
     keywords = {Exoplanets, Direct imaging, 498, 387, Astrophysics - Earth and Planetary Astrophysics, Astrophysics - Instrumentation and Methods for Astrophysics},
         year = 2023,
        month = jan,
       volume = {165},
       number = {1},
          eid = {29},
        pages = {29},
          doi = {10.3847/1538-3881/aca1af},
archivePrefix = {arXiv},
       eprint = {2210.14213},
 primaryClass = {astro-ph.EP},
       adsurl = {https://ui.adsabs.harvard.edu/abs/2023AJ....165...29T},
      adsnote = {Provided by the SAO/NASA Astrophysics Data System}
}



@ARTICLE{2015A&A...579A..68G,
       author = {{Gallenne}, A. and {M{\'e}rand}, A. and {Kervella}, P. and {Monnier}, J.~D. and {Schaefer}, G.~H. and {Baron}, F. and {Breitfelder}, J. and {Le Bouquin}, J.~B. and {Roettenbacher}, R.~M. and {Gieren}, W. and {Pietrzy{\'n}ski}, G. and {McAlister}, H. and {ten Brummelaar}, T. and {Sturmann}, J. and {Sturmann}, L. and {Turner}, N. and {Ridgway}, S. and {Kraus}, S.},
        title = "{Robust high-contrast companion detection from interferometric observations. The CANDID algorithm and an application to six binary Cepheids}",
      journal = {\aap},
     keywords = {stars: variables: Cepheids, binaries: close, techniques: high angular resolution, techniques: interferometric, Astrophysics - Solar and Stellar Astrophysics, Astrophysics - Instrumentation and Methods for Astrophysics},
         year = 2015,
        month = jul,
       volume = {579},
          eid = {A68},
        pages = {A68},
          doi = {10.1051/0004-6361/201525917},
archivePrefix = {arXiv},
       eprint = {1505.02715},
 primaryClass = {astro-ph.SR},
       adsurl = {https://ui.adsabs.harvard.edu/abs/2015A&A...579A..68G},
      adsnote = {Provided by the SAO/NASA Astrophysics Data System}
}



@ARTICLE{2011A&A...535A..68A,
       author = {{Absil}, O. and {Le Bouquin}, J. -B. and {Berger}, J. -P. and {Lagrange}, A. -M. and {Chauvin}, G. and {Lazareff}, B. and {Zins}, G. and {Haguenauer}, P. and {Jocou}, L. and {Kern}, P. and {Millan-Gabet}, R. and {Rochat}, S. and {Traub}, W.},
        title = "{Searching for faint companions with VLTI/PIONIER. I. Method and first results}",
      journal = {\aap},
     keywords = {techniques: interferometric, binaries: close, stars: low mass, brown dwarfs, planetary systems, Astrophysics - Earth and Planetary Astrophysics, Astrophysics - Instrumentation and Methods for Astrophysics, Astrophysics - Solar and Stellar Astrophysics},
         year = 2011,
        month = nov,
       volume = {535},
          eid = {A68},
        pages = {A68},
          doi = {10.1051/0004-6361/201117719},
archivePrefix = {arXiv},
       eprint = {1110.1178},
 primaryClass = {astro-ph.EP},
       adsurl = {https://ui.adsabs.harvard.edu/abs/2011A&A...535A..68A},
      adsnote = {Provided by the SAO/NASA Astrophysics Data System}
}



@article{dyn2018,
   title={Dynamic nested sampling: an improved algorithm for parameter estimation and evidence calculation},
   volume={29},
   ISSN={1573-1375},
   url={http://dx.doi.org/10.1007/s11222-018-9844-0},
   DOI={10.1007/s11222-018-9844-0},
   number={5},
   journal={Statistics and Computing},
   publisher={Springer Science and Business Media LLC},
   author={Higson, Edward and Handley, Will and Hobson, Michael and Lasenby, Anthony},
   year={2018},
   month={Dec},
   pages={891–913}
}


@ARTICLE{2020A&A...644A..13S,
       author = {{Stolker}, T. and {Marleau}, G. -D. and {Cugno}, G. and {Molli{\`e}re}, P. and {Quanz}, S.~P. and {Todorov}, K.~O. and {K{\"u}hn}, J.},
        title = "{MIRACLES: atmospheric characterization of directly imaged planets and substellar companions at 4-5 {\ensuremath{\mu}}m. II. Constraints on the mass and radius of the enshrouded planet PDS 70 b}",
      journal = {\aap},
     keywords = {stars: individual: PDS 70, planets and satellites: atmospheres, planets and satellites: formation, techniques: high angular resolution, Astrophysics - Earth and Planetary Astrophysics, Astrophysics - Instrumentation and Methods for Astrophysics, Astrophysics - Solar and Stellar Astrophysics},
         year = 2020,
        month = dec,
       volume = {644},
          eid = {A13},
        pages = {A13},
          doi = {10.1051/0004-6361/202038878},
archivePrefix = {arXiv},
       eprint = {2009.04483},
 primaryClass = {astro-ph.EP},
       adsurl = {https://ui.adsabs.harvard.edu/abs/2020A&A...644A..13S},
      adsnote = {Provided by the SAO/NASA Astrophysics Data System}
}

@ARTICLE{2023A&A...680A..96A,
       author = {{Argyriou}, Ioannis and {Lage}, Craig and {Rieke}, George H. and {Gasman}, Danny and {Bouwman}, Jeroen and {Morrison}, Jane and {Libralato}, Mattia and {Dicken}, Daniel and {Brandl}, Bernhard R. and {{\'A}lvarez-M{\'a}rquez}, Javier and {Labiano}, Alvaro and {Regan}, Michael and {Ressler}, Michael E.},
        title = "{The brighter-fatter effect in the JWST MIRI Si:As IBC detectors. I. Observations, impact on science, and modeling}",
      journal = {\aap},
     keywords = {instrumentation: detectors, methods: data analysis, methods: numerical, infrared: general, Astrophysics - Instrumentation and Methods for Astrophysics},
         year = 2023,
        month = dec,
       volume = {680},
          eid = {A96},
        pages = {A96},
          doi = {10.1051/0004-6361/202346490},
archivePrefix = {arXiv},
       eprint = {2303.13517},
 primaryClass = {astro-ph.IM},
       adsurl = {https://ui.adsabs.harvard.edu/abs/2023A&A...680A..96A},
      adsnote = {Provided by the SAO/NASA Astrophysics Data System}
}

@ARTICLE{2019NatAs...3..749H,
       author = {{Haffert}, S.~Y. and {Bohn}, A.~J. and {de Boer}, J. and {Snellen}, I.~A.~G. and {Brinchmann}, J. and {Girard}, J.~H. and {Keller}, C.~U. and {Bacon}, R.},
        title = "{Two accreting protoplanets around the young star PDS 70}",
      journal = {Nature Astronomy},
     keywords = {Astrophysics - Earth and Planetary Astrophysics},
         year = 2019,
        month = jun,
       volume = {3},
        pages = {749-754},
          doi = {10.1038/s41550-019-0780-5},
archivePrefix = {arXiv},
       eprint = {1906.01486},
 primaryClass = {astro-ph.EP},
       adsurl = {https://ui.adsabs.harvard.edu/abs/2019NatAs...3..749H},
      adsnote = {Provided by the SAO/NASA Astrophysics Data System}
}



@ARTICLE{kep2,
       author = {{Keppler}, M. and {Teague}, R. and {Bae}, J. and {Benisty}, M. and {Henning}, T. and {van Boekel}, R. and {Chapillon}, E. and {Pinilla}, P. and {Williams}, J.~P. and {Bertrang}, G.~H. -M. and {Facchini}, S. and {Flock}, M. and {Ginski}, Ch. and {Juhasz}, A. and {Klahr}, H. and {Liu}, Y. and {M{\"u}ller}, A. and {P{\'e}rez}, L.~M. and {Pohl}, A. and {Rosotti}, G. and {Samland}, M. and {Semenov}, D.},
        title = "{Highly structured disk around the planet host PDS 70 revealed by high-angular resolution observations with ALMA}",
      journal = {\aap},
     keywords = {stars: individual: PDS 70, techniques: interferometric, hydrodynamics, planet-disk interactions, protoplanetary disks, Astrophysics - Earth and Planetary Astrophysics},
         year = 2019,
        month = may,
       volume = {625},
          eid = {A118},
        pages = {A118},
          doi = {10.1051/0004-6361/201935034},
archivePrefix = {arXiv},
       eprint = {1902.07639},
 primaryClass = {astro-ph.EP},
       adsurl = {https://ui.adsabs.harvard.edu/abs/2019A&A...625A.118K},
      adsnote = {Provided by the SAO/NASA Astrophysics Data System}
}



@ARTICLE{2018A&A...617A..44K,
       author = {{Keppler}, M. and {Benisty}, M. and {M{\"u}ller}, A. and {Henning}, Th. and {van Boekel}, R. and {Cantalloube}, F. and {Ginski}, C. and {van Holstein}, R.~G. and {Maire}, A. -L. and {Pohl}, A. and {Samland}, M. and {Avenhaus}, H. and {Baudino}, J. -L. and {Boccaletti}, A. and {de Boer}, J. and {Bonnefoy}, M. and {Chauvin}, G. and {Desidera}, S. and {Langlois}, M. and {Lazzoni}, C. and {Marleau}, G. -D. and {Mordasini}, C. and {Pawellek}, N. and {Stolker}, T. and {Vigan}, A. and {Zurlo}, A. and {Birnstiel}, T. and {Brandner}, W. and {Feldt}, M. and {Flock}, M. and {Girard}, J. and {Gratton}, R. and {Hagelberg}, J. and {Isella}, A. and {Janson}, M. and {Juhasz}, A. and {Kemmer}, J. and {Kral}, Q. and {Lagrange}, A. -M. and {Launhardt}, R. and {Matter}, A. and {M{\'e}nard}, F. and {Milli}, J. and {Molli{\`e}re}, P. and {Olofsson}, J. and {P{\'e}rez}, L. and {Pinilla}, P. and {Pinte}, C. and {Quanz}, S.~P. and {Schmidt}, T. and {Udry}, S. and {Wahhaj}, Z. and {Williams}, J.~P. and {Buenzli}, E. and {Cudel}, M. and {Dominik}, C. and {Galicher}, R. and {Kasper}, M. and {Lannier}, J. and {Mesa}, D. and {Mouillet}, D. and {Peretti}, S. and {Perrot}, C. and {Salter}, G. and {Sissa}, E. and {Wildi}, F. and {Abe}, L. and {Antichi}, J. and {Augereau}, J. -C. and {Baruffolo}, A. and {Baudoz}, P. and {Bazzon}, A. and {Beuzit}, J. -L. and {Blanchard}, P. and {Brems}, S.~S. and {Buey}, T. and {De Caprio}, V. and {Carbillet}, M. and {Carle}, M. and {Cascone}, E. and {Cheetham}, A. and {Claudi}, R. and {Costille}, A. and {Delboulb{\'e}}, A. and {Dohlen}, K. and {Fantinel}, D. and {Feautrier}, P. and {Fusco}, T. and {Giro}, E. and {Gluck}, L. and {Gry}, C. and {Hubin}, N. and {Hugot}, E. and {Jaquet}, M. and {Le Mignant}, D. and {Llored}, M. and {Madec}, F. and {Magnard}, Y. and {Martinez}, P. and {Maurel}, D. and {Meyer}, M. and {M{\"o}ller-Nilsson}, O. and {Moulin}, T. and {Mugnier}, L. and {Orign{\'e}}, A. and {Pavlov}, A. and {Perret}, D. and {Petit}, C. and {Pragt}, J. and {Puget}, P. and {Rabou}, P. and {Ramos}, J. and {Rigal}, F. and {Rochat}, S. and {Roelfsema}, R. and {Rousset}, G. and {Roux}, A. and {Salasnich}, B. and {Sauvage}, J. -F. and {Sevin}, A. and {Soenke}, C. and {Stadler}, E. and {Suarez}, M. and {Turatto}, M. and {Weber}, L.},
        title = "{Discovery of a planetary-mass companion within the gap of the transition disk around PDS 70}",
      journal = {\aap},
     keywords = {stars: individual: PDS 70, techniques: high angular resolution, protoplanetary disks, scattering, radiative transfer, planets and satellites: detection, Astrophysics - Earth and Planetary Astrophysics},
         year = 2018,
        month = sep,
       volume = {617},
          eid = {A44},
        pages = {A44},
          doi = {10.1051/0004-6361/201832957},
archivePrefix = {arXiv},
       eprint = {1806.11568},
 primaryClass = {astro-ph.EP},
       adsurl = {https://ui.adsabs.harvard.edu/abs/2018A&A...617A..44K},
      adsnote = {Provided by the SAO/NASA Astrophysics Data System}
}

@ARTICLE{kep1,
       author = {{Keppler}, M. and {Benisty}, M. and {M{\"u}ller}, A. and {Henning}, Th. and {van Boekel}, R. and {Cantalloube}, F. and {Ginski}, C. and {van Holstein}, R.~G. and {Maire}, A. -L. and {Pohl}, A. and {Samland}, M. and {Avenhaus}, H. and {Baudino}, J. -L. and {Boccaletti}, A. and {de Boer}, J. and {Bonnefoy}, M. and {Chauvin}, G. and {Desidera}, S. and {Langlois}, M. and {Lazzoni}, C. and {Marleau}, G. -D. and {Mordasini}, C. and {Pawellek}, N. and {Stolker}, T. and {Vigan}, A. and {Zurlo}, A. and {Birnstiel}, T. and {Brandner}, W. and {Feldt}, M. and {Flock}, M. and {Girard}, J. and {Gratton}, R. and {Hagelberg}, J. and {Isella}, A. and {Janson}, M. and {Juhasz}, A. and {Kemmer}, J. and {Kral}, Q. and {Lagrange}, A. -M. and {Launhardt}, R. and {Matter}, A. and {M{\'e}nard}, F. and {Milli}, J. and {Molli{\`e}re}, P. and {Olofsson}, J. and {P{\'e}rez}, L. and {Pinilla}, P. and {Pinte}, C. and {Quanz}, S.~P. and {Schmidt}, T. and {Udry}, S. and {Wahhaj}, Z. and {Williams}, J.~P. and {Buenzli}, E. and {Cudel}, M. and {Dominik}, C. and {Galicher}, R. and {Kasper}, M. and {Lannier}, J. and {Mesa}, D. and {Mouillet}, D. and {Peretti}, S. and {Perrot}, C. and {Salter}, G. and {Sissa}, E. and {Wildi}, F. and {Abe}, L. and {Antichi}, J. and {Augereau}, J. -C. and {Baruffolo}, A. and {Baudoz}, P. and {Bazzon}, A. and {Beuzit}, J. -L. and {Blanchard}, P. and {Brems}, S.~S. and {Buey}, T. and {De Caprio}, V. and {Carbillet}, M. and {Carle}, M. and {Cascone}, E. and {Cheetham}, A. and {Claudi}, R. and {Costille}, A. and {Delboulb{\'e}}, A. and {Dohlen}, K. and {Fantinel}, D. and {Feautrier}, P. and {Fusco}, T. and {Giro}, E. and {Gluck}, L. and {Gry}, C. and {Hubin}, N. and {Hugot}, E. and {Jaquet}, M. and {Le Mignant}, D. and {Llored}, M. and {Madec}, F. and {Magnard}, Y. and {Martinez}, P. and {Maurel}, D. and {Meyer}, M. and {M{\"o}ller-Nilsson}, O. and {Moulin}, T. and {Mugnier}, L. and {Orign{\'e}}, A. and {Pavlov}, A. and {Perret}, D. and {Petit}, C. and {Pragt}, J. and {Puget}, P. and {Rabou}, P. and {Ramos}, J. and {Rigal}, F. and {Rochat}, S. and {Roelfsema}, R. and {Rousset}, G. and {Roux}, A. and {Salasnich}, B. and {Sauvage}, J. -F. and {Sevin}, A. and {Soenke}, C. and {Stadler}, E. and {Suarez}, M. and {Turatto}, M. and {Weber}, L.},
        title = "{Discovery of a planetary-mass companion within the gap of the transition disk around PDS 70}",
      journal = {\aap},
     keywords = {stars: individual: PDS 70, techniques: high angular resolution, protoplanetary disks, scattering, radiative transfer, planets and satellites: detection, Astrophysics - Earth and Planetary Astrophysics},
         year = 2018,
        month = sep,
       volume = {617},
          eid = {A44},
        pages = {A44},
          doi = {10.1051/0004-6361/201832957},
archivePrefix = {arXiv},
       eprint = {1806.11568},
 primaryClass = {astro-ph.EP},
       adsurl = {https://ui.adsabs.harvard.edu/abs/2018A&A...617A..44K},
      adsnote = {Provided by the SAO/NASA Astrophysics Data System}
}



@ARTICLE{2012ApJ...758L..19H,
       author = {{Hashimoto}, J. and {Dong}, R. and {Kudo}, T. and {Honda}, M. and {McClure}, M.~K. and {Zhu}, Z. and {Muto}, T. and {Wisniewski}, J. and {Abe}, L. and {Brandner}, W. and {Brandt}, T. and {Carson}, J. and {Egner}, S. and {Feldt}, M. and {Fukagawa}, M. and {Goto}, M. and {Grady}, C.~A. and {Guyon}, O. and {Hayano}, Y. and {Hayashi}, M. and {Hayashi}, S. and {Henning}, T. and {Hodapp}, K. and {Ishii}, M. and {Iye}, M. and {Janson}, M. and {Kandori}, R. and {Knapp}, G. and {Kusakabe}, N. and {Kuzuhara}, M. and {Kwon}, J. and {Matsuo}, T. and {Mayama}, S. and {McElwain}, M.~W. and {Miyama}, S. and {Morino}, J. -I. and {Moro-Martin}, A. and {Nishimura}, T. and {Pyo}, T. -S. and {Serabyn}, G. and {Suenaga}, T. and {Suto}, H. and {Suzuki}, R. and {Takahashi}, Y. and {Takami}, M. and {Takato}, N. and {Terada}, H. and {Thalmann}, C. and {Tomono}, D. and {Turner}, E.~L. and {Watanabe}, M. and {Yamada}, T. and {Takami}, H. and {Usuda}, T. and {Tamura}, M.},
        title = "{Polarimetric Imaging of Large Cavity Structures in the Pre-transitional Protoplanetary Disk around PDS 70: Observations of the Disk}",
      journal = {\apjl},
     keywords = {planetary systems, polarization, protoplanetary disks, stars: individual: PDS 70, stars: pre-main sequence, Astrophysics - Solar and Stellar Astrophysics, Astrophysics - Earth and Planetary Astrophysics},
         year = 2012,
        month = oct,
       volume = {758},
       number = {1},
          eid = {L19},
        pages = {L19},
          doi = {10.1088/2041-8205/758/1/L19},
archivePrefix = {arXiv},
       eprint = {1208.2075},
 primaryClass = {astro-ph.SR},
       adsurl = {https://ui.adsabs.harvard.edu/abs/2012ApJ...758L..19H},
      adsnote = {Provided by the SAO/NASA Astrophysics Data System}
}

@ARTICLE{2022A&A...668A.125J,
       author = {{Juillard}, S. and {Christiaens}, V. and {Absil}, O.},
        title = "{Analysis of the arm-like structure in the outer disk of PDS 70. Spiral density wave or vortex?}",
      journal = {\aap},
     keywords = {protoplanetary disks, planet-disk interactions, stars: individual: PDS 70, techniques: image processing, Astrophysics - Earth and Planetary Astrophysics, Astrophysics - Instrumentation and Methods for Astrophysics},
         year = 2022,
        month = dec,
       volume = {668},
          eid = {A125},
        pages = {A125},
          doi = {10.1051/0004-6361/202244402},
archivePrefix = {arXiv},
       eprint = {2211.03361},
 primaryClass = {astro-ph.EP},
       adsurl = {https://ui.adsabs.harvard.edu/abs/2022A&A...668A.125J},
      adsnote = {Provided by the SAO/NASA Astrophysics Data System}
}

@ARTICLE{2022ApJ...936L...4N,
       author = {{Norfolk}, Brodie J. and {Pinte}, Christophe and {Calcino}, Josh and {Hammond}, Iain and {van der Marel}, Nienke and {Price}, Daniel J. and {Maddison}, Sarah T. and {Christiaens}, Valentin and {Gonzalez}, Jean-Fran{\c{c}}ois and {Blakely}, Dori and {Rosotti}, Giovanni and {Ginski}, Christian},
        title = "{The Origin of the Doppler Flip in HD 100546: A Large-scale Spiral Arm Generated by an Inner Binary Companion}",
      journal = {\apjl},
     keywords = {Protoplanetary disks, 1300, Astrophysics - Earth and Planetary Astrophysics, Astrophysics - Solar and Stellar Astrophysics},
         year = 2022,
        month = sep,
       volume = {936},
       number = {1},
          eid = {L4},
        pages = {L4},
          doi = {10.3847/2041-8213/ac85ed},
archivePrefix = {arXiv},
       eprint = {2208.02542},
 primaryClass = {astro-ph.EP},
       adsurl = {https://ui.adsabs.harvard.edu/abs/2022ApJ...936L...4N},
      adsnote = {Provided by the SAO/NASA Astrophysics Data System}
}

@ARTICLE{2022NatAs...6..751C,
       author = {{Currie}, Thayne and {Lawson}, Kellen and {Schneider}, Glenn and {Lyra}, Wladimir and {Wisniewski}, John and {Grady}, Carol and {Guyon}, Olivier and {Tamura}, Motohide and {Kotani}, Takayuki and {Kawahara}, Hajime and {Brandt}, Timothy and {Uyama}, Taichi and {Muto}, Takayuki and {Dong}, Ruobing and {Kudo}, Tomoyuki and {Hashimoto}, Jun and {Fukagawa}, Misato and {Wagner}, Kevin and {Lozi}, Julien and {Chilcote}, Jeffrey and {Tobin}, Taylor and {Groff}, Tyler and {Ward-Duong}, Kimberly and {Januszewski}, William and {Norris}, Barnaby and {Tuthill}, Peter and {van der Marel}, Nienke and {Sitko}, Michael and {Deo}, Vincent and {Vievard}, Sebastien and {Jovanovic}, Nemanja and {Martinache}, Frantz and {Skaf}, Nour},
        title = "{Images of embedded Jovian planet formation at a wide separation around AB Aurigae}",
      journal = {Nature Astronomy},
     keywords = {Astrophysics - Earth and Planetary Astrophysics, Astrophysics - Instrumentation and Methods for Astrophysics, Astrophysics - Solar and Stellar Astrophysics},
         year = 2022,
        month = apr,
       volume = {6},
        pages = {751-759},
          doi = {10.1038/s41550-022-01634-x},
archivePrefix = {arXiv},
       eprint = {2204.00633},
 primaryClass = {astro-ph.EP},
       adsurl = {https://ui.adsabs.harvard.edu/abs/2022NatAs...6..751C},
      adsnote = {Provided by the SAO/NASA Astrophysics Data System}
}



@ARTICLE{2023NatAs...7.1208W,
       author = {{Wagner}, Kevin and {Stone}, Jordan and {Skemer}, Andrew and {Ertel}, Steve and {Dong}, Ruobing and {Apai}, D{\'a}niel and {Spalding}, Eckhart and {Leisenring}, Jarron and {Sitko}, Michael and {Kratter}, Kaitlin and {Barman}, Travis and {Marley}, Mark and {Miles}, Brittany and {Boccaletti}, Anthony and {Assani}, Korash and {Bayyari}, Ammar and {Uyama}, Taichi and {Woodward}, Charles E. and {Hinz}, Phil and {Briesemeister}, Zackery and {Lawson}, Kellen and {M{\'e}nard}, Fran{\c{c}}ois and {Pantin}, Eric and {Russell}, Ray W. and {Skrutskie}, Michael and {Wisniewski}, John},
        title = "{Direct images and spectroscopy of a giant protoplanet driving spiral arms in MWC 758.}",
      journal = {Nature Astronomy},
     keywords = {Astrophysics - Earth and Planetary Astrophysics, Astrophysics - Solar and Stellar Astrophysics},
         year = 2023,
        month = oct,
       volume = {7},
        pages = {1208-1217},
          doi = {10.1038/s41550-023-02028-3},
archivePrefix = {arXiv},
       eprint = {2307.04021},
 primaryClass = {astro-ph.EP},
       adsurl = {https://ui.adsabs.harvard.edu/abs/2023NatAs...7.1208W},
      adsnote = {Provided by the SAO/NASA Astrophysics Data System}
}



@ARTICLE{2019ApJ...883L..41C,
       author = {{Casassus}, Simon and {P{\'e}rez}, Sebasti{\'a}n},
        title = "{Kinematic Detections of Protoplanets: A Doppler Flip in the Disk of HD 100546}",
      journal = {\apjl},
     keywords = {accretion, accretion disks, planet{\textendash}disk interactions, planets and satellites: detection, protoplanetary disks, Astrophysics - Earth and Planetary Astrophysics, Astrophysics - Solar and Stellar Astrophysics},
         year = 2019,
        month = oct,
       volume = {883},
       number = {2},
          eid = {L41},
        pages = {L41},
          doi = {10.3847/2041-8213/ab4425},
archivePrefix = {arXiv},
       eprint = {1906.06302},
 primaryClass = {astro-ph.EP},
       adsurl = {https://ui.adsabs.harvard.edu/abs/2019ApJ...883L..41C},
      adsnote = {Provided by the SAO/NASA Astrophysics Data System}
}

@ARTICLE{2023AJ....165..225F,
       author = {{Follette}, Katherine B. and {Close}, Laird M. and {Males}, Jared R. and {Ward-Duong}, Kimberly and {Balmer}, William O. and {Redai}, J{\'e}a Adams and {Morales}, Julio and {Sarosi}, Catherine and {Dacus}, Beck and {De Rosa}, Robert J. and {Garcia Toro}, Fernando and {Leonard}, Clare and {Macintosh}, Bruce and {Morzinski}, Katie M. and {Mullen}, Wyatt and {Palmo}, Joseph and {Saitoti}, Raymond Nzaba and {Spiro}, Elijah and {Treiber}, Helena and {Wagner}, Kevin and {Wang}, Jason and {Wang}, David and {Watson}, Alex and {Weinberger}, Alycia J.},
        title = "{The Giant Accreting Protoplanet Survey (GAPlanetS)-Results from a 6 yr Campaign to Image Accreting Protoplanets}",
      journal = {\aj},
     keywords = {Direct imaging, Exoplanet astronomy, Exoplanet detection methods, Exoplanet formation, Exoplanets, Planet formation, Protoplanetary disks, Stellar accretion, High contrast techniques, Adaptive optics, Astronomy image processing, 387, 486, 489, 492, 498, 1241, 1300, 1578, 2369, 2281, 2306, Astrophysics - Earth and Planetary Astrophysics, Astrophysics - Instrumentation and Methods for Astrophysics},
         year = 2023,
        month = jun,
       volume = {165},
       number = {6},
          eid = {225},
        pages = {225},
          doi = {10.3847/1538-3881/acc183},
archivePrefix = {arXiv},
       eprint = {2211.02109},
 primaryClass = {astro-ph.EP},
       adsurl = {https://ui.adsabs.harvard.edu/abs/2023AJ....165..225F},
      adsnote = {Provided by the SAO/NASA Astrophysics Data System}
}



@ARTICLE{2020AJ....159..263W,
       author = {{Wang}, Jason J. and {Ginzburg}, Sivan and {Ren}, Bin and {Wallack}, Nicole and {Gao}, Peter and {Mawet}, Dimitri and {Bond}, Charlotte Z. and {Cetre}, Sylvain and {Wizinowich}, Peter and {De Rosa}, Robert J. and {Ruane}, Garreth and {Liu}, Michael C. and {Absil}, Olivier and {Alvarez}, Carlos and {Baranec}, Christoph and {Choquet}, {\'E}lodie and {Chun}, Mark and {Defr{\`e}re}, Denis and {Delorme}, Jacques-Robert and {Duch{\^e}ne}, Gaspard and {Forsberg}, Pontus and {Ghez}, Andrea and {Guyon}, Olivier and {Hall}, Donald N.~B. and {Huby}, Elsa and {Jolivet}, A{\"\i}ssa and {Jensen-Clem}, Rebecca and {Jovanovic}, Nemanja and {Karlsson}, Mikael and {Lilley}, Scott and {Matthews}, Keith and {M{\'e}nard}, Fran{\c{c}}ois and {Meshkat}, Tiffany and {Millar-Blanchaer}, Maxwell and {Ngo}, Henry and {Orban de Xivry}, Gilles and {Pinte}, Christophe and {Ragland}, Sam and {Serabyn}, Eugene and {Catal{\'a}n}, Ernesto Vargas and {Wang}, Ji and {Wetherell}, Ed and {Williams}, Jonathan P. and {Ygouf}, Marie and {Zuckerman}, Ben},
        title = "{Keck/NIRC2 L'-band Imaging of Jovian-mass Accreting Protoplanets around PDS 70}",
      journal = {\aj},
     keywords = {Exoplanet formation, Exoplanet atmospheres, Orbit determination, Exoplanet dynamics, Coronagraphic imaging, 492, 487, 1175, 490, 313, Astrophysics - Earth and Planetary Astrophysics, Astrophysics - Solar and Stellar Astrophysics},
         year = 2020,
        month = jun,
       volume = {159},
       number = {6},
          eid = {263},
        pages = {263},
          doi = {10.3847/1538-3881/ab8aef},
archivePrefix = {arXiv},
       eprint = {2004.09597},
 primaryClass = {astro-ph.EP},
       adsurl = {https://ui.adsabs.harvard.edu/abs/2020AJ....159..263W},
      adsnote = {Provided by the SAO/NASA Astrophysics Data System}
}



@ARTICLE{2012ApJ...760..111D,
       author = {{Dong}, Ruobing and {Hashimoto}, Jun and {Rafikov}, Roman and {Zhu}, Zhaohuan and {Whitney}, Barbara and {Kudo}, Tomoyuki and {Muto}, Takayuki and {Brandt}, Timothy and {McClure}, Melissa K. and {Wisniewski}, John and {Abe}, L. and {Brandner}, W. and {Carson}, J. and {Egner}, S. and {Feldt}, M. and {Goto}, M. and {Grady}, C. and {Guyon}, O. and {Hayano}, Y. and {Hayashi}, M. and {Hayashi}, S. and {Henning}, T. and {Hodapp}, K.~W. and {Ishii}, M. and {Iye}, M. and {Janson}, M. and {Kandori}, R. and {Knapp}, G.~R. and {Kusakabe}, N. and {Kuzuhara}, M. and {Kwon}, J. and {Matsuo}, T. and {McElwain}, M. and {Miyama}, S. and {Morino}, J. -I. and {Moro-Martin}, A. and {Nishimura}, T. and {Pyo}, T. -S. and {Serabyn}, E. and {Suto}, H. and {Suzuki}, R. and {Takami}, M. and {Takato}, N. and {Terada}, H. and {Thalmann}, C. and {Tomono}, D. and {Turner}, E. and {Watanabe}, M. and {Yamada}, T. and {Takami}, H. and {Usuda}, T. and {Tamura}, M.},
        title = "{The Structure of Pre-transitional Protoplanetary Disks. I. Radiative Transfer Modeling of the Disk+Cavity in the PDS 70 System}",
      journal = {\apj},
     keywords = {circumstellar matter, protoplanetary disks, radiative transfer, stars: individual: PDS 70, stars: pre-main sequence, Astrophysics - Earth and Planetary Astrophysics, Astrophysics - Solar and Stellar Astrophysics},
         year = 2012,
        month = dec,
       volume = {760},
       number = {2},
          eid = {111},
        pages = {111},
          doi = {10.1088/0004-637X/760/2/111},
archivePrefix = {arXiv},
       eprint = {1209.3772},
 primaryClass = {astro-ph.EP},
       adsurl = {https://ui.adsabs.harvard.edu/abs/2012ApJ...760..111D},
      adsnote = {Provided by the SAO/NASA Astrophysics Data System}
}



@ARTICLE{2006A&A...458..317R,
       author = {{Riaud}, P. and {Mawet}, D. and {Absil}, O. and {Boccaletti}, A. and {Baudoz}, P. and {Herwats}, E. and {Surdej}, J.},
        title = "{Coronagraphic imaging of three weak-line T Tauri stars: evidence of planetary formation around PDS 70}",
      journal = {\aap},
     keywords = {stars: planetary systems: protoplanetary disks, stars: circumstellar matter, instrumentation: adaptive optics, methods: observational},
         year = 2006,
        month = oct,
       volume = {458},
       number = {1},
        pages = {317-325},
          doi = {10.1051/0004-6361:20065232},
       adsurl = {https://ui.adsabs.harvard.edu/abs/2006A&A...458..317R},
      adsnote = {Provided by the SAO/NASA Astrophysics Data System}
}



@INPROCEEDINGS{2020SPIE11446E..11S,
       author = {{Soulain}, A. and {Sivaramakrishnan}, A. and {Tuthill}, P. and {Thatte}, D. and {Volk}, K. and {Cooper}, R. and {Albert}, L. and {Artigau}, {\'E}. and {Cook}, N. and {Doyon}, R. and {Johnstone}, D. and {Lafreni{\`e}re}, D. and {Martel}, A.},
        title = "{The James Webb Space Telescope aperture masking interferometer}",
     keywords = {Astrophysics - Instrumentation and Methods for Astrophysics},
    booktitle = {Optical and Infrared Interferometry and Imaging VII},
         year = 2020,
       editor = {{Tuthill}, Peter G. and {M{\'e}rand}, Antoine and {Sallum}, Stephanie},
       series = {Society of Photo-Optical Instrumentation Engineers (SPIE) Conference Series},
       volume = {11446},
        month = dec,
          eid = {1144611},
        pages = {1144611},
          doi = {10.1117/12.2560804},
archivePrefix = {arXiv},
       eprint = {2201.01524},
 primaryClass = {astro-ph.IM},
       adsurl = {https://ui.adsabs.harvard.edu/abs/2020SPIE11446E..11S},
      adsnote = {Provided by the SAO/NASA Astrophysics Data System}
}

@software{jax2018github,
  author = {James Bradbury and Roy Frostig and Peter Hawkins and Matthew James Johnson and Chris Leary and Dougal Maclaurin and George Necula and Adam Paszke and Jake Vander{P}las and Skye Wanderman-{M}ilne and Qiao Zhang},
  title = {{JAX}: composable transformations of {P}ython+{N}um{P}y programs},
  url = {http://github.com/google/jax},
  version = {0.3.13},
  year = {2018},
}

@article{corner,
  doi = {10.21105/joss.00024},
  url = {https://doi.org/10.21105/joss.00024},
  year  = {2016},
  month = {jun},
  publisher = {The Open Journal},
  volume = {1},
  number = {2},
  pages = {24},
  author = {Daniel Foreman-Mackey},
  title = {corner.py: Scatterplot matrices in Python},
  journal = {The Journal of Open Source Software}
}

@article{10.1093/imamat/6.1.76,
    author = {Broyden, C. G.},
    title = "{The Convergence of a Class of Double-rank Minimization Algorithms 1. General Considerations}",
    journal = {IMA Journal of Applied Mathematics},
    volume = {6},
    number = {1},
    pages = {76-90},
    year = {1970},
    month = {03},
    abstract = "{This paper presents a more detailed analysis of a class of minimization algorithms, which includes as a special case the DFP (Davidon-Fletcher-Powell) method, than has previously appeared. Only quadratic functions are considered but particular attention is paid to the magnitude of successive errors and their dependence upon the initial matrix. On the basis of this a possible explanation of some of the observed characteristics of the class is tentatively suggested.}",
    issn = {0272-4960},
    doi = {10.1093/imamat/6.1.76},
    url = {https://doi.org/10.1093/imamat/6.1.76},
    eprint = {https://academic.oup.com/imamat/article-pdf/6/1/76/2233756/6-1-76.pdf},
}

@article{10.1093/comjnl/13.3.317,
    author = {Fletcher, R.},
    title = "{A new approach to variable metric algorithms}",
    journal = {The Computer Journal},
    volume = {13},
    number = {3},
    pages = {317-322},
    year = {1970},
    month = {01},
    abstract = "{An approach to variable metric algorithms has been investigated in which the linear search sub-problem no longer becomes necessary. The property of quadratic termination has been replaced by one of monotonic convergence of the eigenvalues of the approximating matrix to the inverse hessian. A convex class of updating formulae which possess this property has been established, and a strategy has been indicated for choosing a member of the class so as to keep the approximation away from both singularity and unboundedness. A FORTRAN program has been tested extensively with encouraging results.}",
    issn = {0010-4620},
    doi = {10.1093/comjnl/13.3.317},
    url = {https://doi.org/10.1093/comjnl/13.3.317},
    eprint = {https://academic.oup.com/comjnl/article-pdf/13/3/317/988678/130317.pdf},
}

@article{35d0019d-775a-3628-b0b4-67be112e346b,
 ISSN = {00255718, 10886842},
 URL = {http://www.jstor.org/stable/2004873},
 abstract = {A new rank-two variable-metric method is derived using Greenstadt's variational approach [Math. Comp., this issue]. Like the Davidon-Fletcher-Powell (DFP) variable-metric method, the new method preserves the positive-definiteness of the approximating matrix. Together with Greenstadt's method, the new method gives rise to a one-parameter family of variable-metric methods that includes the DFP and rank-one methods as special cases. It is equivalent to Broyden's one-parameter family [Math. Comp., v. 21, 1967, pp. 368-381]. Choices for the inverse of the weighting matrix in the variational approach are given that lead to the derivation of the DFP and rank-one methods directly.},
 author = {Donald Goldfarb},
 journal = {Mathematics of Computation},
 number = {109},
 pages = {23--26},
 publisher = {American Mathematical Society},
 title = {A Family of Variable-Metric Methods Derived by Variational Means},
 urldate = {2024-04-17},
 volume = {24},
 year = {1970}
}

@article{e3177091-3094-3792-9d61-0ab445735ddb,
 ISSN = {00255718, 10886842},
 URL = {http://www.jstor.org/stable/2004840},
 abstract = {Quasi-Newton methods accelerate the steepest-descent technique for function minimization by using computational history to generate a sequence of approximations to the inverse of the Hessian matrix. This paper presents a class of approximating matrices as a function of a scalar parameter. The problem of optimal conditioning of these matrices under an appropriate norm as a function of the scalar parameter is investigated. A set of computational results verifies the superiority of the new methods arising from conditioning considerations to known methods.},
 author = {D. F. Shanno},
 journal = {Mathematics of Computation},
 number = {111},
 pages = {647--656},
 publisher = {American Mathematical Society},
 title = {Conditioning of Quasi-Newton Methods for Function Minimization},
 urldate = {2024-04-17},
 volume = {24},
 year = {1970}
}


@article{doi:10.1080/01621459.1986.10478240,
author = {Luke Tierney and Joseph B. Kadane},
title = {Accurate Approximations for Posterior Moments and Marginal Densities},
journal = {Journal of the American Statistical Association},
volume = {81},
number = {393},
pages = {82--86},
year = {1986},
publisher = {Taylor \& Francis},
doi = {10.1080/01621459.1986.10478240},


URL = { 
    
    
        https://www.tandfonline.com/doi/abs/10.1080/01621459.1986.10478240
    

},
eprint = { 
    
    
        https://www.tandfonline.com/doi/pdf/10.1080/01621459.1986.10478240
    

}

}

@ARTICLE{2024arXiv240309970G,
       author = {{Gaidos}, Eric and {Thanathibodee}, Thanawuth and {Hoffman}, Andrew and {Ong}, Joel and {Hinkle}, Jason and {Shappee}, Benjamin J. and {Banzatti}, Andrea},
        title = "{The Dynamic, Chimeric Inner Disk of PDS 70}",
      journal = {arXiv e-prints},
     keywords = {Astrophysics - Earth and Planetary Astrophysics, Astrophysics - Solar and Stellar Astrophysics},
         year = 2024,
        month = mar,
          eid = {arXiv:2403.09970},
        pages = {arXiv:2403.09970},
          doi = {10.48550/arXiv.2403.09970},
archivePrefix = {arXiv},
       eprint = {2403.09970},
 primaryClass = {astro-ph.EP},
       adsurl = {https://ui.adsabs.harvard.edu/abs/2024arXiv240309970G},
      adsnote = {Provided by the SAO/NASA Astrophysics Data System}
}

@ARTICLE{2023arXiv231011499S,
       author = {{Sallum}, Steph and {Ray}, Shrishmoy and {Kammerer}, Jens and {Sivaramakrishnan}, Anand and {Cooper}, Rachel and {Greebaum}, Alexandra Z. and {Thatte}, Deepashri and {De Furio}, Matthew and {Factor}, Samuel M. and {Meyer}, Michael R. and {Stone}, Jordan M. and {Carter}, Aarynn and {Biller}, Beth and {Hinkley}, Sasha and {Skemer}, Andrew and {Su{\'a}rez}, Genaro and {Leisenring}, Jarron M. and {Perrin}, Marshall D. and {Kraus}, Adam L. and {Absil}, Olivier and {Balmer}, William O. and {Betti}, Sarah K. and {Boccaletti}, Anthony and {Bonavita}, Mariangela and {Bonnefoy}, Mickael and {Booth}, Mark and {Bowler}, Brendan P. and {Briesemeister}, Zackery W. and {Bryan}, Marta L. and {Calissendorff}, Per and {Cantalloube}, Faustine and {Chauvin}, Gael and {Chen}, Christine H. and {Choquet}, Elodie and {Christiaens}, Valentin and {Cugno}, Gabriele and {Currie}, Thayne and {Danielski}, Camilla and {Dupuy}, Trent J. and {Faherty}, Jacqueline K. and {Fitzgerald}, Michael P. and {Fortney}, Jonathan J. and {Franson}, Kyle and {Girard}, Julien H. and {Grady}, Carol A. and {Gonzales}, Eileen C. and {Henning}, Thomas and {Hines}, Dean C. and {Hoch}, Kielan K.~W. and {Hood}, Callie E. and {Howe}, Alex R. and {Janson}, Markus and {Kalas}, Paul and {Kennedy}, Grant M. and {Kenworthy}, Matthew A. and {Kervella}, Pierre and {Kitzmann}, Daniel and {Kuzuhara}, Masayuki and {Lagrange}, Anne-Marie and {Lagage}, Pierre-Olivier and {Lawson}, Kellen and {Lazzoni}, Cecilia and {Lew}, Ben W.~P. and {Liu}, Michael C. and {Liu}, Pengyu and {Llop-Sayson}, Jorge and {Lloyd}, James P. and {Lueber}, Anna and {Macintosh}, Bruce and {Manjavacas}, Elena and {Marino}, Sebastian and {Marley}, Mark S. and {Marois}, Christian and {Martinez}, Raquel A. and {Matthews}, Brenda C. and {Matthews}, Elisabeth C. and {Mawet}, Dimitri and {Mazoyer}, Johan and {McElwain}, Michael W. and {Metchev}, Stanimir and {Miles}, Brittany E. and {Millar-Blanchaer}, Maxwell A. and {Molliere}, Paul and {Moran}, Sarah E. and {Morley}, Caroline V. and {Mukherjee}, Sagnick and {Palma-Bifani}, Paulina and {Pantin}, Eric and {Patapis}, Polychronis and {Petrus}, Simon and {Pueyo}, Laurent and {Quanz}, Sascha P. and {Quirrenbach}, Andreas and {Rebollido}, Isabel and {Redai}, Jea Adams and {Ren}, Bin B. and {Rickman}, Emily and {Samland}, Matthias and {Sargent}, B.~A. and {Schlieder}, Joshua E. and {Schneider}, Glenn and {Stapelfeldt}, Karl R. and {Sutlieff}, Ben J. and {Tamura}, Motohide and {Tan}, Xianyu and {Theissen}, Christopher A. and {Uyama}, Taichi and {Vigan}, Arthur and {Vasist}, Malavika and {Vos}, Johanna M. and {Wagner}, Kevin and {Wang}, Jason J. and {Ward-Duong}, Kimberly and {Whiteford}, Niall and {Wolff}, Schuyler G. and {Worthen}, Kadin and {Wyatt}, Mark C. and {Ygouf}, Marie and {Zhang}, Xi and {Zhang}, Keming and {Zhang}, Zhoujian and {Zhou}, Yifan and {Zurlo}, Alice},
        title = "{The JWST Early Release Science Program for Direct Observations of Exoplanetary Systems. IV. NIRISS Aperture Masking Interferometry Performance and Lessons Learned}",
      journal = {\apjl},
     keywords = {James Webb Space Telescope, Interferometry, Direct imaging, High contrast techniques, Observational astronomy, 2291, 808, 387, 2369, 1145, Astrophysics - Earth and Planetary Astrophysics, Astrophysics - Instrumentation and Methods for Astrophysics},
         year = 2024,
        month = mar,
       volume = {963},
       number = {1},
          eid = {L2},
        pages = {L2},
          doi = {10.3847/2041-8213/ad21fb},
archivePrefix = {arXiv},
       eprint = {2310.11499},
 primaryClass = {astro-ph.EP},
       adsurl = {https://ui.adsabs.harvard.edu/abs/2024ApJ...963L...2S},
      adsnote = {Provided by the SAO/NASA Astrophysics Data System}
}






@ARTICLE{2023ApJ...953...55S,
       author = {{Sallum}, Steph and {Eisner}, Josh and {Skemer}, Andy and {Murray-Clay}, Ruth},
        title = "{Systematic Multiepoch Monitoring of LkCa 15: Dynamic Dust Structures on Solar System Scales}",
      journal = {\apj},
     keywords = {Protoplanetary disks, Interferometry, Planet formation, Infrared astronomy, 1300, 808, 1241, 786, Astrophysics - Earth and Planetary Astrophysics},
         year = 2023,
        month = aug,
       volume = {953},
       number = {1},
          eid = {55},
        pages = {55},
          doi = {10.3847/1538-4357/ace16c},
archivePrefix = {arXiv},
       eprint = {2306.15069},
 primaryClass = {astro-ph.EP},
       adsurl = {https://ui.adsabs.harvard.edu/abs/2023ApJ...953...55S},
      adsnote = {Provided by the SAO/NASA Astrophysics Data System}
}

@ARTICLE{2022ApJ...931....3B,
       author = {{Blakely}, Dori and {Francis}, Logan and {Johnstone}, Doug and {Soulain}, Anthony and {Tuthill}, Peter and {Cheetham}, Anthony and {Sanchez-Bermudez}, Joel and {Sivaramakrishnan}, Anand and {Dong}, Ruobing and {van der Marel}, Nienke and {Cooper}, Rachel and {Vigan}, Arthur and {Cantalloube}, Faustine},
        title = "{Two Rings and a Marginally Resolved, 5 au Disk around LkCa 15 Identified via Near-infrared Sparse Aperture Masking Interferometry}",
      journal = {\apj},
     keywords = {Protoplanetary disks, Exoplanet detection methods, Planet formation, 1300, 489, 1241, Astrophysics - Earth and Planetary Astrophysics, Astrophysics - Instrumentation and Methods for Astrophysics, Astrophysics - Solar and Stellar Astrophysics},
         year = 2022,
        month = may,
       volume = {931},
       number = {1},
          eid = {3},
        pages = {3},
          doi = {10.3847/1538-4357/ac6586},
archivePrefix = {arXiv},
       eprint = {2204.07055},
 primaryClass = {astro-ph.EP},
       adsurl = {https://ui.adsabs.harvard.edu/abs/2022ApJ...931....3B},
      adsnote = {Provided by the SAO/NASA Astrophysics Data System}
}

@ARTICLE{2024PASP..136a4503G,
       author = {{Goudfrooij}, Paul and {Grumm}, David and {Volk}, Kevin and {Bushouse}, Howard},
        title = "{An Algorithm to Mitigate Charge Migration Effects in Data from the Near Infrared Imager and Slitless Spectrograph on the James Webb Space Telescope}",
      journal = {\pasp},
     keywords = {Astronomical instrumentation, Infrared photometry, Direct imaging, Astronomy data analysis, Infrared observatories, 799, 792, 387, 1858, 791, Astrophysics - Instrumentation and Methods for Astrophysics, Astrophysics - Astrophysics of Galaxies, Astrophysics - Solar and Stellar Astrophysics},
         year = 2024,
        month = jan,
       volume = {136},
       number = {1},
          eid = {014503},
        pages = {014503},
          doi = {10.1088/1538-3873/ad1c98},
archivePrefix = {arXiv},
       eprint = {2311.16301},
 primaryClass = {astro-ph.IM},
       adsurl = {https://ui.adsabs.harvard.edu/abs/2024PASP..136a4503G},
      adsnote = {Provided by the SAO/NASA Astrophysics Data System}
}



@ARTICLE{2018A&A...619A.160S,
       author = {{Sissa}, E. and {Gratton}, R. and {Garufi}, A. and {Rigliaco}, E. and {Zurlo}, A. and {Mesa}, D. and {Langlois}, M. and {de Boer}, J. and {Desidera}, S. and {Ginski}, C. and {Lagrange}, A. -M. and {Maire}, A. -L. and {Vigan}, A. and {Dima}, M. and {Antichi}, J. and {Baruffolo}, A. and {Bazzon}, A. and {Benisty}, M. and {Beuzit}, J. -L. and {Biller}, B. and {Boccaletti}, A. and {Bonavita}, M. and {Bonnefoy}, M. and {Brandner}, W. and {Bruno}, P. and {Buenzli}, E. and {Cascone}, E. and {Chauvin}, G. and {Cheetham}, A. and {Claudi}, R.~U. and {Cudel}, M. and {De Caprio}, V. and {Dominik}, C. and {Fantinel}, D. and {Farisato}, G. and {Feldt}, M. and {Fontanive}, C. and {Galicher}, R. and {Giro}, E. and {Hagelberg}, J. and {Incorvaia}, S. and {Janson}, M. and {Kasper}, M. and {Keppler}, M. and {Kopytova}, T. and {Lagadec}, E. and {Lannier}, J. and {Lazzoni}, C. and {LeCoroller}, H. and {Lessio}, L. and {Ligi}, R. and {Marzari}, F. and {Menard}, F. and {Meyer}, M.~R. and {Mouillet}, D. and {Peretti}, S. and {Perrot}, C. and {Potiron}, P.~J. and {Rouan}, D. and {Salasnich}, B. and {Salter}, G. and {Samland}, M. and {Schmidt}, T. and {Scuderi}, S. and {Wildi}, F.},
        title = "{High-contrast study of the candidate planets and protoplanetary disk around HD 100546}",
      journal = {\aap},
     keywords = {stars: individual: HD 100546, techniques: high angular resolution, techniques: polarimetric, protoplanetary disks, planets and satellites: detection, Astrophysics - Earth and Planetary Astrophysics},
         year = 2018,
        month = nov,
       volume = {619},
          eid = {A160},
        pages = {A160},
          doi = {10.1051/0004-6361/201732332},
archivePrefix = {arXiv},
       eprint = {1809.01001},
 primaryClass = {astro-ph.EP},
       adsurl = {https://ui.adsabs.harvard.edu/abs/2018A&A...619A.160S},
      adsnote = {Provided by the SAO/NASA Astrophysics Data System}
}



@ARTICLE{2016A&A...596A..70S,
       author = {{Stolker}, T. and {Dominik}, C. and {Min}, M. and {Garufi}, A. and {Mulders}, G.~D. and {Avenhaus}, H.},
        title = "{Scattered light mapping of protoplanetary disks}",
      journal = {\aap},
     keywords = {protoplanetary disks, scattering, polarization, stars: individual: HD 100546, methods: numerical, Astrophysics - Earth and Planetary Astrophysics, Astrophysics - Solar and Stellar Astrophysics},
         year = 2016,
        month = dec,
       volume = {596},
          eid = {A70},
        pages = {A70},
          doi = {10.1051/0004-6361/201629098},
archivePrefix = {arXiv},
       eprint = {1609.09505},
 primaryClass = {astro-ph.EP},
       adsurl = {https://ui.adsabs.harvard.edu/abs/2016A&A...596A..70S},
      adsnote = {Provided by the SAO/NASA Astrophysics Data System}
}



@ARTICLE{1941ApJ....93...70H,
       author = {{Henyey}, L.~G. and {Greenstein}, J.~L.},
        title = "{Diffuse radiation in the Galaxy.}",
      journal = {\apj},
         year = 1941,
        month = jan,
       volume = {93},
        pages = {70-83},
          doi = {10.1086/144246},
       adsurl = {https://ui.adsabs.harvard.edu/abs/1941ApJ....93...70H},
      adsnote = {Provided by the SAO/NASA Astrophysics Data System}
}



@ARTICLE{2013MNRAS.433.1718I,
       author = {{Ireland}, M.~J.},
        title = "{Phase errors in diffraction-limited imaging: contrast limits for sparse aperture masking}",
      journal = {\mnras},
     keywords = {instrumentation: adaptive optics, instrumentation: high angular resolution, techniques: image processing, techniques: interferometric, Astrophysics - Instrumentation and Methods for Astrophysics},
         year = 2013,
        month = aug,
       volume = {433},
       number = {2},
        pages = {1718-1728},
          doi = {10.1093/mnras/stt859},
archivePrefix = {arXiv},
       eprint = {1301.6205},
 primaryClass = {astro-ph.IM},
       adsurl = {https://ui.adsabs.harvard.edu/abs/2013MNRAS.433.1718I},
      adsnote = {Provided by the SAO/NASA Astrophysics Data System}
}

@INPROCEEDINGS{2004AIPC..735..395S,
       author = {{Skilling}, John},
        title = "{Nested Sampling}",
     keywords = {02.50.Tt, Inference methods},
    booktitle = {Bayesian Inference and Maximum Entropy Methods in Science and Engineering: 24th International Workshop on Bayesian Inference and Maximum Entropy Methods in Science and Engineering},
         year = 2004,
       editor = {{Fischer}, Rainer and {Preuss}, Roland and {Toussaint}, Udo Von},
       series = {American Institute of Physics Conference Series},
       volume = {735},
        month = nov,
        pages = {395-405},
          doi = {10.1063/1.1835238},
       adsurl = {https://ui.adsabs.harvard.edu/abs/2004AIPC..735..395S},
      adsnote = {Provided by the SAO/NASA Astrophysics Data System}
}



@ARTICLE{2019PASP..131j8005B,
       author = {{Buchner}, Johannes},
        title = "{Collaborative Nested Sampling: Big Data versus Complex Physical Models}",
      journal = {\pasp},
     keywords = {Statistics - Computation, Astrophysics - Instrumentation and Methods for Astrophysics, Physics - Data Analysis, Statistics and Probability, Statistics - Machine Learning},
         year = 2019,
        month = oct,
       volume = {131},
       number = {1004},
        pages = {108005},
          doi = {10.1088/1538-3873/aae7fc},
archivePrefix = {arXiv},
       eprint = {1707.04476},
 primaryClass = {stat.CO},
       adsurl = {https://ui.adsabs.harvard.edu/abs/2019PASP..131j8005B},
      adsnote = {Provided by the SAO/NASA Astrophysics Data System}
}



@ARTICLE{2016S&C....26..383B,
       author = {{Buchner}, Johannes},
        title = "{A statistical test for Nested Sampling algorithms}",
      journal = {Statistics and Computing},
     keywords = {Statistics - Computation},
         year = 2016,
        month = jan,
       volume = {26},
       number = {1-2},
        pages = {383-392},
          doi = {10.1007/s11222-014-9512-y},
archivePrefix = {arXiv},
       eprint = {1407.5459},
 primaryClass = {stat.CO},
       adsurl = {https://ui.adsabs.harvard.edu/abs/2016S&C....26..383B},
      adsnote = {Provided by the SAO/NASA Astrophysics Data System}
}



@ARTICLE{2021JOSS....6.3001B,
       author = {{Buchner}, Johannes},
        title = "{UltraNest - a robust, general purpose Bayesian inference engine}",
      journal = {The Journal of Open Source Software},
     keywords = {C, Monte Carlo, Python, Nested Sampling, C++, Bayesian inference, Fortran, Bayes factors, Statistics - Computation, Astrophysics - Instrumentation and Methods for Astrophysics},
         year = 2021,
        month = apr,
       volume = {6},
       number = {60},
          eid = {3001},
        pages = {3001},
          doi = {10.21105/joss.03001},
archivePrefix = {arXiv},
       eprint = {2101.09604},
 primaryClass = {stat.CO},
       adsurl = {https://ui.adsabs.harvard.edu/abs/2021JOSS....6.3001B},
      adsnote = {Provided by the SAO/NASA Astrophysics Data System}
}



@ARTICLE{2020A&A...635A.182S,
       author = {{Stolker}, T. and {Quanz}, S.~P. and {Todorov}, K.~O. and {K{\"u}hn}, J. and {Molli{\`e}re}, P. and {Meyer}, M.~R. and {Currie}, T. and {Daemgen}, S. and {Lavie}, B.},
        title = "{MIRACLES: atmospheric characterization of directly imaged planets and substellar companions at 4-5 {\ensuremath{\mu}}m. I. Photometric analysis of {\ensuremath{\beta}} Pic b, HIP 65426 b, PZ Tel B, and HD 206893 B}",
      journal = {\aap},
     keywords = {planets and satellites: atmospheres, methods: data analysis, techniques: high angular resolution, techniques: image processing, Astrophysics - Earth and Planetary Astrophysics, Astrophysics - Solar and Stellar Astrophysics},
         year = 2020,
        month = mar,
       volume = {635},
          eid = {A182},
        pages = {A182},
          doi = {10.1051/0004-6361/201937159},
archivePrefix = {arXiv},
       eprint = {1912.13316},
 primaryClass = {astro-ph.EP},
       adsurl = {https://ui.adsabs.harvard.edu/abs/2020A&A...635A.182S},
      adsnote = {Provided by the SAO/NASA Astrophysics Data System}
}

@ARTICLE{Wang2019,
       author = {{Wang}, Shu and {Chen}, Xiaodian},
        title = "{The Optical to Mid-infrared Extinction Law Based on the APOGEE, Gaia DR2, Pan-STARRS1, SDSS, APASS, 2MASS, and WISE Surveys}",
      journal = {\apj},
     keywords = {dust, extinction, infrared: ISM, Astrophysics - Astrophysics of Galaxies, Astrophysics - Solar and Stellar Astrophysics},
         year = 2019,
        month = jun,
       volume = {877},
       number = {2},
          eid = {116},
        pages = {116},
          doi = {10.3847/1538-4357/ab1c61},
archivePrefix = {arXiv},
       eprint = {1904.04575},
 primaryClass = {astro-ph.GA},
       adsurl = {https://ui.adsabs.harvard.edu/abs/2019ApJ...877..116W},
      adsnote = {Provided by the SAO/NASA Astrophysics Data System}
}


@article{skrutskie_two_2006,
	title = {The {Two} {Micron} {All} {Sky} {Survey} ({2MASS})},
	volume = {131},
	issn = {0004-6256},
	url = {https://ui.adsabs.harvard.edu/abs/2006AJ....131.1163S},
	doi = {10.1086/498708},
	abstract = {Between 1997 June and 2001 February the Two Micron All Sky Survey (2MASS) collected 25.4 Tbytes of raw imaging data covering 99.998\% of the celestial sphere in the near-infrared J (1.25 μm), H (1.65 μm), and Ks (2.16 μm) bandpasses. Observations were conducted from two dedicated 1.3 m diameter telescopes located at Mount Hopkins, Arizona, and Cerro Tololo, Chile. The 7.8 s of integration time accumulated for each point on the sky and strict quality control yielded a 10 σ point-source detection level of better than 15.8, 15.1, and 14.3 mag at the J, H, and Ks bands, respectively, for virtually the entire sky. Bright source extractions have 1 σ photometric uncertainty of {\textless}0.03 mag and astrometric accuracy of order 100 mas. Calibration offsets between any two points in the sky are {\textless}0.02 mag. The 2MASS All-Sky Data Release includes 4.1 million compressed FITS images covering the entire sky, 471 million source extractions in a Point Source Catalog, and 1.6 million objects identified as extended in an Extended Source Catalog.},
	urldate = {2022-10-26},
	journal = {The Astronomical Journal},
	author = {Skrutskie, M. F. and Cutri, R. M. and Stiening, R. and Weinberg, M. D. and Schneider, S. and Carpenter, J. M. and Beichman, C. and Capps, R. and Chester, T. and Elias, J. and Huchra, J. and Liebert, J. and Lonsdale, C. and Monet, D. G. and Price, S. and Seitzer, P. and Jarrett, T. and Kirkpatrick, J. D. and Gizis, J. E. and Howard, E. and Evans, T. and Fowler, J. and Fullmer, L. and Hurt, R. and Light, R. and Kopan, E. L. and Marsh, K. A. and McCallon, H. L. and Tam, R. and Van Dyk, S. and Wheelock, S.},
	month = feb,
	year = {2006},
	note = {ADS Bibcode: 2006AJ....131.1163S},
	keywords = {Surveys, Catalogs, Infrared: General},
	pages = {1163--1183},
}

@article{wright_wide-field_2010,
	title = {The {Wide}-field {Infrared} {Survey} {Explorer} ({WISE}): {Mission} {Description} and {Initial} {On}-orbit {Performance}},
	volume = {140},
	issn = {0004-6256},
	shorttitle = {The {Wide}-field {Infrared} {Survey} {Explorer} ({WISE})},
	url = {https://ui.adsabs.harvard.edu/abs/2010AJ....140.1868W},
	doi = {10.1088/0004-6256/140/6/1868},
	abstract = {The all sky surveys done by the Palomar Observatory Schmidt, the European Southern Observatory Schmidt, and the United Kingdom Schmidt, the InfraRed Astronomical Satellite, and the Two Micron All Sky Survey have proven to be extremely useful tools for astronomy with value that lasts for decades. The Wide-field Infrared Survey Explorer (WISE) is mapping the whole sky following its launch on 2009 December 14. WISE began surveying the sky on 2010 January 14 and completed its first full coverage of the sky on July 17. The survey will continue to cover the sky a second time until the cryogen is exhausted (anticipated in 2010 November). WISE is achieving 5σ point source sensitivities better than 0.08, 0.11, 1, and 6 mJy in unconfused regions on the ecliptic in bands centered at wavelengths of 3.4, 4.6, 12, and 22 μm. Sensitivity improves toward the ecliptic poles due to denser coverage and lower zodiacal background. The angular resolution is 6farcs1, 6farcs4, 6farcs5, and 12farcs0 at 3.4, 4.6, 12, and 22 μm, and the astrometric precision for high signal-to-noise sources is better than 0farcs15.},
	urldate = {2022-10-26},
	journal = {The Astronomical Journal},
	author = {Wright, Edward L. and Eisenhardt, Peter R. M. and Mainzer, Amy K. and Ressler, Michael E. and Cutri, Roc M. and Jarrett, Thomas and Kirkpatrick, J. Davy and Padgett, Deborah and McMillan, Robert S. and Skrutskie, Michael and Stanford, S. A. and Cohen, Martin and Walker, Russell G. and Mather, John C. and Leisawitz, David and Gautier, III, Thomas N. and McLean, Ian and Benford, Dominic and Lonsdale, Carol J. and Blain, Andrew and Mendez, Bryan and Irace, William R. and Duval, Valerie and Liu, Fengchuan and Royer, Don and Heinrichsen, Ingolf and Howard, Joan and Shannon, Mark and Kendall, Martha and Walsh, Amy L. and Larsen, Mark and Cardon, Joel G. and Schick, Scott and Schwalm, Mark and Abid, Mohamed and Fabinsky, Beth and Naes, Larry and Tsai, Chao-Wei},
	month = dec,
	year = {2010},
	note = {ADS Bibcode: 2010AJ....140.1868W},
	keywords = {Astrophysics - Instrumentation and Methods for Astrophysics, surveys, infrared: general, space vehicles},
	pages = {1868--1881},
	file = {Wright et al_2010_The Wide-field Infrared Survey Explorer (WISE).pdf:/home/vandal/Documents/Zotfiles/Wright et al_2010_The Wide-field Infrared Survey Explorer (WISE).pdf:application/pdf},
}

@ARTICLE{2021A&A...653A..12C,
       author = {{Cugno}, G. and {Patapis}, P. and {Stolker}, T. and {Quanz}, S.~P. and {Boehle}, A. and {Hoeijmakers}, H.~J. and {Marleau}, G. -D. and {Molli{\`e}re}, P. and {Nasedkin}, E. and {Snellen}, I.~A.~G.},
        title = "{Molecular mapping of the PDS70 system. No molecular absorption signatures from the forming planet PDS70 b}",
      journal = {\aap},
     keywords = {techniques: imaging spectroscopy, planets and satellites: formation, planets and satellites: atmospheres, planets and satellites: individual: PDS70b, Astrophysics - Earth and Planetary Astrophysics},
         year = 2021,
        month = sep,
       volume = {653},
          eid = {A12},
        pages = {A12},
          doi = {10.1051/0004-6361/202140632},
archivePrefix = {arXiv},
       eprint = {2106.03615},
 primaryClass = {astro-ph.EP},
       adsurl = {https://ui.adsabs.harvard.edu/abs/2021A&A...653A..12C},
      adsnote = {Provided by the SAO/NASA Astrophysics Data System}
}

@article{GL229B_methods,
   author = {{Thompson}, William and {Blakely}, Dori and {Xuan}, Jerry and {Others}, others and {Others}, others and {Others}, others},
   title = {On the Orbit of the Binary Brown Dwarf Companion GL229 Ba and Bb},
   year = {in prep. }
}

@ARTICLE{2022ApJ...935..167A,
       author = {{Astropy Collaboration} and {Price-Whelan}, Adrian M. and {Lim}, Pey Lian and {Earl}, Nicholas and {Starkman}, Nathaniel and {Bradley}, Larry and {Shupe}, David L. and {Patil}, Aarya A. and {Corrales}, Lia and {Brasseur}, C.~E. and {N{\"o}the}, Maximilian and {Donath}, Axel and {Tollerud}, Erik and {Morris}, Brett M. and {Ginsburg}, Adam and {Vaher}, Eero and {Weaver}, Benjamin A. and {Tocknell}, James and {Jamieson}, William and {van Kerkwijk}, Marten H. and {Robitaille}, Thomas P. and {Merry}, Bruce and {Bachetti}, Matteo and {G{\"u}nther}, H. Moritz and {Aldcroft}, Thomas L. and {Alvarado-Montes}, Jaime A. and {Archibald}, Anne M. and {B{\'o}di}, Attila and {Bapat}, Shreyas and {Barentsen}, Geert and {Baz{\'a}n}, Juanjo and {Biswas}, Manish and {Boquien}, M{\'e}d{\'e}ric and {Burke}, D.~J. and {Cara}, Daria and {Cara}, Mihai and {Conroy}, Kyle E. and {Conseil}, Simon and {Craig}, Matthew W. and {Cross}, Robert M. and {Cruz}, Kelle L. and {D'Eugenio}, Francesco and {Dencheva}, Nadia and {Devillepoix}, Hadrien A.~R. and {Dietrich}, J{\"o}rg P. and {Eigenbrot}, Arthur Davis and {Erben}, Thomas and {Ferreira}, Leonardo and {Foreman-Mackey}, Daniel and {Fox}, Ryan and {Freij}, Nabil and {Garg}, Suyog and {Geda}, Robel and {Glattly}, Lauren and {Gondhalekar}, Yash and {Gordon}, Karl D. and {Grant}, David and {Greenfield}, Perry and {Groener}, Austen M. and {Guest}, Steve and {Gurovich}, Sebastian and {Handberg}, Rasmus and {Hart}, Akeem and {Hatfield-Dodds}, Zac and {Homeier}, Derek and {Hosseinzadeh}, Griffin and {Jenness}, Tim and {Jones}, Craig K. and {Joseph}, Prajwel and {Kalmbach}, J. Bryce and {Karamehmetoglu}, Emir and {Ka{\l}uszy{\'n}ski}, Miko{\l}aj and {Kelley}, Michael S.~P. and {Kern}, Nicholas and {Kerzendorf}, Wolfgang E. and {Koch}, Eric W. and {Kulumani}, Shankar and {Lee}, Antony and {Ly}, Chun and {Ma}, Zhiyuan and {MacBride}, Conor and {Maljaars}, Jakob M. and {Muna}, Demitri and {Murphy}, N.~A. and {Norman}, Henrik and {O'Steen}, Richard and {Oman}, Kyle A. and {Pacifici}, Camilla and {Pascual}, Sergio and {Pascual-Granado}, J. and {Patil}, Rohit R. and {Perren}, Gabriel I. and {Pickering}, Timothy E. and {Rastogi}, Tanuj and {Roulston}, Benjamin R. and {Ryan}, Daniel F. and {Rykoff}, Eli S. and {Sabater}, Jose and {Sakurikar}, Parikshit and {Salgado}, Jes{\'u}s and {Sanghi}, Aniket and {Saunders}, Nicholas and {Savchenko}, Volodymyr and {Schwardt}, Ludwig and {Seifert-Eckert}, Michael and {Shih}, Albert Y. and {Jain}, Anany Shrey and {Shukla}, Gyanendra and {Sick}, Jonathan and {Simpson}, Chris and {Singanamalla}, Sudheesh and {Singer}, Leo P. and {Singhal}, Jaladh and {Sinha}, Manodeep and {Sip{\H{o}}cz}, Brigitta M. and {Spitler}, Lee R. and {Stansby}, David and {Streicher}, Ole and {{\v{S}}umak}, Jani and {Swinbank}, John D. and {Taranu}, Dan S. and {Tewary}, Nikita and {Tremblay}, Grant R. and {de Val-Borro}, Miguel and {Van Kooten}, Samuel J. and {Vasovi{\'c}}, Zlatan and {Verma}, Shresth and {de Miranda Cardoso}, Jos{\'e} Vin{\'\i}cius and {Williams}, Peter K.~G. and {Wilson}, Tom J. and {Winkel}, Benjamin and {Wood-Vasey}, W.~M. and {Xue}, Rui and {Yoachim}, Peter and {Zhang}, Chen and {Zonca}, Andrea and {Astropy Project Contributors}},
        title = "{The Astropy Project: Sustaining and Growing a Community-oriented Open-source Project and the Latest Major Release (v5.0) of the Core Package}",
      journal = {\apj},
     keywords = {Astronomy software, Open source software, Astronomy data analysis, 1855, 1866, 1858, Astrophysics - Instrumentation and Methods for Astrophysics},
         year = 2022,
        month = aug,
       volume = {935},
       number = {2},
          eid = {167},
        pages = {167},
          doi = {10.3847/1538-4357/ac7c74},
archivePrefix = {arXiv},
       eprint = {2206.14220},
 primaryClass = {astro-ph.IM},
       adsurl = {https://ui.adsabs.harvard.edu/abs/2022ApJ...935..167A},
      adsnote = {Provided by the SAO/NASA Astrophysics Data System}
}



@ARTICLE{2024arXiv240407086C,
       author = {{Cugno}, Gabriele and {Patapis}, Polychronis and {Banzatti}, Andrea and {Meyer}, Michael and {Dannert}, Felix A. and {Stolker}, Tomas and {MacDonald}, Ryan J. and {Pontoppidan}, Klaus M.},
        title = "{Mid-infrared Spectrum of the Disk around the Forming Companion GQ Lup B Revealed by JWST/MIRI}",
      journal = {\apjl},
     keywords = {Planet formation, High contrast spectroscopy, 1241, 2370, Astrophysics - Earth and Planetary Astrophysics, Astrophysics - Solar and Stellar Astrophysics},
         year = 2024,
        month = may,
       volume = {966},
       number = {1},
          eid = {L21},
        pages = {L21},
          doi = {10.3847/2041-8213/ad3cbc},
archivePrefix = {arXiv},
       eprint = {2404.07086},
 primaryClass = {astro-ph.EP},
       adsurl = {https://ui.adsabs.harvard.edu/abs/2024ApJ...966L..21C},
      adsnote = {Provided by the SAO/NASA Astrophysics Data System}
}



@ARTICLE{2024arXiv240304855C,
       author = {{Christiaens}, V. and {Samland}, M. and {Henning}, Th. and {Portilla-Revelo}, B. and {Perotti}, G. and {Matthews}, E. and {Absil}, O. and {Decin}, L. and {Kamp}, I. and {Boccaletti}, A. and {Tabone}, B. and {Marleau}, G. -D. and {van Dishoeck}, E.~F. and {G{\"u}del}, M. and {Lagage}, P. -O. and {Barrado}, D. and {Caratti o Garatti}, A. and {Glauser}, A.~M. and {Olofsson}, G. and {Ray}, T.~P. and {Scheithauer}, S. and {Vandenbussche}, B. and {Waters}, L.~B.~F.~M. and {Arabhavi}, A.~M. and {Grant}, S.~L. and {Jang}, H. and {Kanwar}, J. and {Schreiber}, J. and {Schwarz}, K. and {Temmink}, M. and {{\"O}stlin}, G.},
        title = "{MINDS: JWST/NIRCam imaging of the protoplanetary disk PDS 70. A spiral accretion stream and a potential third protoplanet}",
      journal = {\aap},
     keywords = {planets and satellites: detection, planets and satellites: formation, planets and satellites: gaseous planets, protoplanetary disks, planet-disk interactions, Astrophysics - Earth and Planetary Astrophysics, Astrophysics - Solar and Stellar Astrophysics},
         year = 2024,
        month = may,
       volume = {685},
          eid = {L1},
        pages = {L1},
          doi = {10.1051/0004-6361/202349089},
archivePrefix = {arXiv},
       eprint = {2403.04855},
 primaryClass = {astro-ph.EP},
       adsurl = {https://ui.adsabs.harvard.edu/abs/2024A&A...685L...1C},
      adsnote = {Provided by the SAO/NASA Astrophysics Data System}
}



@INPROCEEDINGS{2012SPIE.8442E..3DP,
       author = {{Perrin}, Marshall D. and {Soummer}, R{\'e}mi and {Elliott}, Erin M. and {Lallo}, Matthew D. and {Sivaramakrishnan}, Anand},
        title = "{Simulating point spread functions for the James Webb Space Telescope with WebbPSF}",
    booktitle = {Space Telescopes and Instrumentation 2012: Optical, Infrared, and Millimeter Wave},
         year = 2012,
       editor = {{Clampin}, Mark C. and {Fazio}, Giovanni G. and {MacEwen}, Howard A. and {Oschmann}, Jacobus M., Jr.},
       series = {Society of Photo-Optical Instrumentation Engineers (SPIE) Conference Series},
       volume = {8442},
        month = sep,
          eid = {84423D},
        pages = {84423D},
          doi = {10.1117/12.925230},
       adsurl = {https://ui.adsabs.harvard.edu/abs/2012SPIE.8442E..3DP},
      adsnote = {Provided by the SAO/NASA Astrophysics Data System}
}

